1988 3272
1843.0 8.0 98.0 87.0 1

529.0 159.0 1378.0 165.0 Mahomet et Charlemagne (1).

829.0 319.0 100.0 90.0 du

482.0 354.0 1435.0 95.0 La fin <..> VIII^e siècle de notre ère a vu

384.0 436.0 1494.0 112.0 se réaliser dans l'Europe Occidentale un

392.0 526.0 1541.0 90.0 état de choses sans précédent. Pour la première

400.0 613.0 1533.0 95.0 fois depuis l'aurore des temps historiques

406.0 689.0 1530.0 96.0 le foyer, non seulement du mouvement

400.0 768.0 1522.0 90.0 politique mais du mouvement général de

406.0 845.0 1500.0 95.0 la civilisation s'y est transporté du bassin

400.0 921.0 1519.0 82.0 de la Méditerranée dans celui de la mer

1041.0 978.0 205.0 69.0 Le pivot

400.0 984.0 1503.0 112.0 du Nord. <......> de l'Empire romain était en

398.0 1071.0 1464.0 96.0 Italie; celui de l'Empire carolingien est situé

398.0 1153.0 1500.0 87.0 dans la région comprise entre le Rhin et la

406.0 1213.0 1470.0 112.0 Seine. Les Morins qui, durant tant de

406.0 1300.0 1571.0 101.0 siècles, perdus à l'extrême pointe septentrio¬

395.0 1376.0 1535.0 101.0 nale du monde civilisé, avaient passé pour

398.0 1450.0 1527.0 115.0 les extremi hominum, occupent désormais

395.0 1548.0 1511.0 74.0 une situation centrale, et c'est Rome qui se

403.0 1608.0 1525.0 101.0 trouve maintenant reléguée et comme jetée en

409.0 1676.0 1461.0 109.0 flèche à la frontière de l'Europe nouvelle.

471.0 1742.0 1507.0 125.0 On n'a peut-être pas suffisamment réfléchi

400.0 1818.0 1563.0 99.0 à l'importance de cette transformation. Y

400.0 1897.0 1560.0 109.0 étant accoutumés depuis un millier d'années,

400.0 1976.0 1517.0 90.0 nous ne nous avisons pas suffisamment

400.0 2028.0 1571.0 115.0 de ce qu'elle présente d'extraordinaire et presque

400.0 2104.0 1586.0 104.0 de monstrueux ou du moins d'anormal. Jus¬

419.0 2184.0 1535.0 103.0 qu'alors, en effet, la civilisation européenne

406.0 2244.0 1502.0 103.0 s'est élaborée aux bords de la Méditerranée

381.0 2314.0 1566.0 107.0 par le travail successif ou simultané de l'É¬

409.0 2385.0 1555.0 109.0 gypte, de l'Assyrie, de la Phénicie, de la Grèce et

409.0 2467.0 1564.0 74.0 de Rome. Celle-ci la dernière ouvrière de l'œuvre

414.0 2653.0 1535.0 120.0 Les pages suivantes exposent d'une manière évi¬

406.0 2753.0 1552.0 90.0 demment beaucoup trop sommaire une idée qui

400.0 2833.0 1571.0 89.0 a paru intéressante à des historiens auxquels j'ai eu

392.0 2895.0 1560.0 104.0 l'occasion de la faire connaître. Il m'est impossible

389.0 2961.0 1589.0 103.0 de lui donner ici les développements qu'elle comporte.

398.0 3021.0 1567.0 114.0 Je me suis borné à en marquer les traits principaux et

389.0 3097.0 1531.0 117.0 surtout à déterminer clairement le point de vue d'où

392.0 3162.0 401.0 99.0 elle apparaît.
