1800 2540
1692 14 88 55 2

277.0 38.0 1353.0 69.0 admirable a réuni en un seul État

271 93 1521 89 tous les peuples dont elle était l'héritière.

273.0 160.0 1491.0 91.0 L'Empire fondé par elle, les comprenant tous

271 232 1519 87 est donc un Empire essentiellement Méditer¬

273.0 302.0 1486.0 83.0 ranéen (1). Son unité géographique frappe au pre¬

281 368 1518 82 mier coup d'œil. Elle fait sa force et lui com¬

271.0 444.0 1467.0 89.0 munique une incomparable beauté. Ses

288.0 512.0 1480.0 84.0 provinces se groupent autour de la mer comme

279.0 575.0 1487.0 95.0 les parterres d'un grand parc autour d'un

288.0 641.0 1471.0 99.0 bassin. Au lieu de les séparer elle les rappro¬

281 713 1515 99 che en les unissant les unes aux autres par

279.0 783.0 1476.0 101.0 une navigation rapide et facile. C'est par

273 848 1516 102 elle que s'échangent les produits des climats

264 912 1526 104 si divers mais également fertiles de ce monde

271.0 986.0 1497.0 101.0 privilégié. Elle joint l'Europe à l'Asie et à

264.0 1051.0 1476.0 106.0 l'Afrique, ou plutôt on n'aperçoit pas alors

266.0 1123.0 1487.0 108.0 entre l'Asie, l'Europe et l'Afrique cette oppo¬

271.0 1195.0 1427.0 98.0 sition à laquelle nous sommes depuis si

273.0 1261.0 1493.0 102.0 longtemps habitués. <......................>

266.0 1333.0 1491.0 108.0 <..>. L'Orbis Romanus les a liées indissoluble¬

262.0 1409.0 1502.0 102.0 ment ensemble dans la communauté d'une

254.0 1473.0 726.0 91.0 même civilisation.

277 1549 1494 114 Et cette civilisation c'est dans ces régions o¬

256.0 1627.0 1480.0 98.0 rientales de la Méditerranée qui en ont été

258 1695 1506 112 le berceau qu'elle se développe jusqu'au bout

252.0 1771.0 1507.0 121.0 avec le plus de vigueur. Rome n'en est guère

264.0 1843.0 1523.0 140.0 que le centre politique et le garant. Grâce à elle

249.0 1919.0 1506.0 106.0 Antioche, Smyrne, Alexandrie et plus tard Cons¬

254.0 1976.0 1488.0 111.0 tantinople peuvent communiquer en paix à l'Occi¬

256 2040 1531 101 dent leurs industries, leurs philosophies et leurs reli¬

264 2101 1518 115 gions. Qu'il suffise de rappeler ici la diffusion

258 2207 1514 129 (1) Il est sans doute inutile de faire remarquer

279.0 2279.0 1425.0 117.0 que l'Empire n'a étendu au Nord sa frontière

264.0 2351.0 1428.0 97.0 jusqu'au Rhin que pour protéger, comme par un

254.0 2406.0 1166.0 91.0 glacis, le bassin de la Méditerranée.
