1989 2564
1890.0 36.0 47.0 75.0 4

464.0 8.0 1375.0 111.0 vilisation européenne? La question vaut

468.0 85.0 1482.0 98.0 la peine d'être posée, car il semble que les his¬

466.0 160.0 1424.0 89.0 toriens aient négligé non seulement d'y

457.0 235.0 1482.0 83.0 répondre, mais même de remarquer qu'elle

455.0 299.0 1484.0 87.0 existait. Oubli étrange, à première vue, mais

461.0 367.0 1478.0 88.0 qui pourtant se comprend sans peine. Il con¬

455.0 440.0 1499.0 68.0 vient, ce semble d'en chercher la raison dans

451.0 506.0 1482.0 83.0 l'habitude invétérée que nous avons prise de

449.0 572.0 1473.0 81.0 considérer en soi et pour ainsi dire comme des

455.0 641.0 1499.0 85.0 quantités incommensurables l'antiquité et

446.0 700.0 1429.0 96.0 le moyen âge. (1) On dirait qu'entre celui-ci et

451.0 784.0 1471.0 81.0 celle-là se creuse un abîme infranchissable

442.0 856.0 1482.0 88.0 Du moins personne ne se risque-t-il à le fran¬

453.0 929.0 1454.0 77.0 chir. Les historiens de l'antiquité s'arrêtent

451.0 999.0 1486.0 80.0 sur l'un de ses bords comme les médiévistes

453.0 1072.0 1478.0 77.0 le font sur l'autre. Ni les premiers ne cher¬

461.0 1145.0 1440.0 77.0 chent à descendre plus bas, ni les seconds à

451.0 1213.0 1497.0 75.0 remonter plus haut. Il en résulte qu'ils ne se

436.0 1273.0 1503.0 90.0 rencontrent nulle part et qu'il existe entre

453.0 1348.0 1512.0 98.0 leurs positions une sorte de no man's land

444.0 1423.0 1512.0 91.0 Chaque équipe de travailleurs étudie son sujet

442.0 1487.0 1459.0 77.0 comme s'il constituait un bloc autonome. Ils

438.0 1549.0 1510.0 87.0 l'examinent, non de l'extérieur, mais du dedans

444.0 1613.0 1489.0 96.0 et il est clair qu'en procédant ainsi ils n'en ob¬

444.0 1677.0 1504.0 107.0 tiennent qu'une vue incomplète et déformée. Du

442.0 1745.0 1510.0 98.0 point où ils se placent l'horizon qu'ils découvrent est

442.0 1814.0 1504.0 109.0 trop étroit; leur regard ne peut suivre le prolonge

449.0 1882.0 1161.0 85.0 ment de ses lignes dans le lointain.

461.0 1952.0 1438.0 103.0 Il faut bien reconnaître que les divisions que

442.0 2017.0 1512.0 104.0 nous imposons à l'histoire, en vertu de nécessités

453.0 2072.0 1499.0 111.0 d'exposition ou de recherches, ne répondent point à

468.0 2207.0 1484.0 124.0 (1) Remarquer que presque toutes les histoires

453.0 2271.0 1493.0 134.0 dites générales ou universelles commencent à la

453.0 2343.0 1471.0 101.0 fin de l'Antiquité. Il faudrait, si l'on voulait <..>

449.0 2393.0 1518.0 98.0 traiter la question dans tous ses développements signa¬

459.0 2440.0 1512.0 91.0 ler que la conception philologique qui réserve aux philologues

451.0 2495.0 1413.0 66.0 l'étude de l'antiquité a <.....> largement

12.0 2296.0 338.0 90.0 contistue à la

14.0 2348.0 343.0 87.0 situation <...>

10.0 2390.0 304.0 101.0 signalée ici.
