1800 2559
1704.0 4.0 87.0 119.0 6

258.0 42.0 1480.0 83.0 Si, au lieu de se renfermer dans l'étude

228.0 117.0 1520.0 94.0 <.. ....> de Clovis et des Francs on jette un coup

230.0 194.0 1501.0 74.0 d'œil d'ensemble sur la dissolution du

226.0 260.0 1495.0 89.0 monde romain au V^e siècle et si surtout

230.0 328.0 1508.0 85.0 on observe le cours des événements non pas an

1584.0 396.0 173.0 58.0 au point

243.0 388.0 1516.0 98.0 point de vue de l'Europe qui sera, mais <....>

61.0 452.0 1694.0 115.0 de vue de l'Europe qui est encore, c'est à dire non

232.0 537.0 1512.0 79.0 pas en portant le regard vers le Nord mais

226.0 584.0 1548.0 115.0 en le portant vers la Méditerranée le spectacle

230.0 658.0 1538.0 105.0 que l'on découvre est bien différent de celui <...>

226.0 729.0 1537.0 92.0 <...................> avec lequel nous sommes fa¬

213.0 786.0 1550.0 113.0 miliarisés. Ce que nous avons coutume de consi¬

226.0 846.0 1529.0 120.0 dérer comme essentiel se révèle tout de suite

226.0 914.0 1563.0 133.0 comme accessoire. La Gaule mérovingienne, au lieu

228.0 978.0 1565.0 137.0 de concentrer sur elle l'intérêt, n'apparaît que com¬

219.0 1055.0 1563.0 147.0 me une puissance secondaire jouant un rôle assez

226.0 1111.0 1563.0 155.0 effacé. On est surpris de constater que, malgré l'ef¬

230.0 1177.0 1542.0 153.0 fondrement de l'Empire Romain en Occident, la

217.0 1245.0 1563.0 141.0 Méditerranée ne cesse pas de constituer le foyer de

217.0 1307.0 1555.0 164.0 la vie historique. Son attraction s'impose irré¬

223.0 1381.0 1542.0 154.0 sistiblement aux barbares. Dès qu'ils ont franchi

219.0 1454.0 1540.0 143.0 le Rhin ou le Danube, c'est vers elle qu'ils se diri¬

230.0 1529.0 1523.0 138.0 gent, impatients de s'établir sur ses rivages et

217.0 1592.0 1476.0 128.0 de jouir de sa beauté. Dans le courant du V^e

217.0 1654.0 1510.0 133.0 siècle, les Vandales s'installent en Afrique, les

211.0 1729.0 1535.0 126.0 Wisigoths en Aquitaine et en Espagne, les Burgondes

217.0 1793.0 1514.0 126.0 dans la vallée du Rhône, les Ostrogoths en Italie.

206.0 1863.0 1540.0 109.0 Les Francs, qui se sont laissés devancer dans cette

209.0 1932.0 1488.0 117.0 course au Midi ne font pas exception à la règle

215.0 1998.0 1529.0 119.0 générale. Clovis a tenté de conquérir la Provence et

209.0 2057.0 1537.0 128.0 il a fallu que Théodoric intervînt pour l'empêcher

204.0 2119.0 1561.0 137.0 de pousser les frontières de son royaume jusqu'à la

204.0 2190.0 1559.0 119.0 Côte d'Azur. Mais ce premier insuccès ne devait

204 2260 1571 122 pas décourager ses successeurs. Un quart de siè¬

221.0 2313.0 1564.0 139.0 cle plus tard, en 536, ils profiteront de l'offensive

213.0 2369.0 1563.0 136.0 de Justinien contre les Ostrogoths pour se faire

209.0 2448.0 1541.0 108.0 céder par Vitigès la région convoitée et l'on n'a
