1800 2540
1692 0 69 103 3

232 33 1419 77 des cultes orientaux et du christianisme.

275 105 1489 96 Or c'est tout cela, c'est cet équilibre millé¬

1168 167 231 53 se rompt

235 188 1537 80 naire de notre Europe qui <........>, non point

232 256 1525 82 momentanément mais pour toujours lors¬

243 325 1497 85 qu'apparaît l'Empire Carolingien. On dirait

241 389 1476 91 qu'un cataclysme a brusquement déplacé

232 452 1510 100 l'axe du monde. Depuis soixante siècles il se

230 520 1552 106 trouvait au sud du continent, et le voilà fixé

228 594 1529 112 au nord. Des pays et des peuples qui depuis tou¬

239 664 1512 98 jours avaient été confinés dans la barbarie ou

243 742 1557 102 qui en sortaient à peine se trouvent appelés tout

232 825 1523 99 à coup au premier rang. <....................>

222 899 1535 85 <.......> L'Orient et l'Occident sont séparés l'un

243 969 1461 80 de l'autre. La navigation méditerranéenne

241 1035 1559 97 n'atteint plus les rivages de la Gaule, et sa dis¬

241 1098 1553 100 parition entraîne celle du commerce et de l'in¬

241 1166 1545 95 dustrie. Les villes dont elle entretenait l'acti¬

239 1229 1469 104 vité se dépeuplent et tombent en ruines. A

235 1297 1535 100 l'économie urbaine se substitue <........>

228 1361 1540 116 <.........> une économie rurale sans débouchés.

237 1424 1555 127 Bref, dans tous les domaines s'accomplit un

232 1500 1534 108 renversement complet de l'ordre traditionnel.

237 1568 1563 102 En sortant de la communauté méditerrané¬

224 1638 1568 110 enne l'Europe occidentale, c'est à dire l'Euro¬

226 1708 1567 106 pe carolingienne se constitue en un monde dis¬

230 1761 1521 135 tinct. Qu'on l'observe du point de vue politi¬

245 1845 1550 132 que, du point de vue religieux ou du point de vue

232 1921 1565 121 économique c'est partout le même spectacle.

226 1987 1512 123 L'Empire franc s'oppose à l'Empire byzantin

228 2061 1529 125 l'Eglise latine à l'Eglise grecque, les grands do¬

230 2133 1498 114 maines et les seigneuries féodales aux cités

226 2186 1572 127 manufacturières et au gouvernement bureau¬

228 2245 1569 148 cratique des territoires régis par Constantinople.

321 2332 1419 121 Comment expliquer un phénomène d'une

228 2396 1542 116 portée si vaste qu'il a déterminé le cours de la ci¬
