1800 2540
1672.0 6.0 72.0 80.0 12

264.0 2.0 1360.0 86.0 la religion, la même, les mœurs et les idées

239.0 65.0 1503.0 70.0 les mêmes ou tout proches de l'être. L'invasion

249.0 122.0 1502.0 76.0 des barbares du nord n'avait rien modifié d'es¬

247.0 192.0 1504.0 78.0 sentiel à cette situation. Et voilà que tout à

249.0 258.0 1517.0 76.0 coup les pays mêmes où notre civilisation était

237.0 319.0 1514.0 81.0 née lui sont arrachés, que le culte du prophète s'y

245.0 385.0 1523.0 72.0 substitue à la foi chrétienne, le droit musulman

239.0 448.0 1525.0 87.0 au droit romain, la langue arabe à la langue

252.0 516.0 1505.0 80.0 grecque et à la langue latine. La Méditerranée

241.0 584.0 1518.0 74.0 avait été un lac romain: elle devient un lac

228.0 649.0 1542.0 77.0 musulman. La navigation byzantine n'ose plus

237.0 709.0 1531.0 82.0 s'y risquer au large; elle ne dépasse plus les côtes de

239.0 770.0 1508.0 83.0 l'Italie méridionale. Plus de vaisseaux syriens

235.0 831.0 1522.0 93.0 dans la mer Tyrrhénienne. De l'intercours encore

230.0 895.0 1534.0 87.0 si actif au VI^e siècle entre l'Orient et l'Occident on

237.0 963.0 1491.0 82.0 perd toute trace au VIII^e siècle. La substitution qui

243.0 1022.0 1516.0 93.0 s'accomplit en Gaule à cette époque de la monnaie

239 1100 1547 78 d'argent à la monnaie d'or et du parchemin au pa¬

241 1162 1553 95 pyrus nous fournit la preuve significative et irré¬

237.0 1223.0 779.0 89.0 cusable de sa disparition.

264 1297 1464 89 Ainsi, pour la première fois depuis son entrée dans

239.0 1361.0 1453.0 84.0 l'Empire romain, l'Europe occidentale se trouve

239.0 1420.0 1491.0 104.0 placée dans des conditions toutes nouvelles. La

224.0 1488.0 1489.0 103.0 Méditerranée, qui l'avait jusqu'alors mise en

230.0 1557.0 1550.0 106.0 contact avec le monde extérieur, n'est plus qu'une

222.0 1627.0 1514.0 98.0 barrière qui l'isole. Coupée de ses relations avec

218.0 1695.0 1522.0 95.0 Byzance elle est forcée de se replier sur soi même et de

224.0 1756.0 1523.0 104.0 vivre à huis clos. Et c'est alors précisément que son

224.0 1822.0 1497.0 102.0 centre de gravité si l'on peut ainsi dire se déplace

224.0 1894.0 1497.0 99.0 enfin du sud au nord et que l'État franc, qui jus¬

237.0 1957.0 1516.0 102.0 qu'alors n'a joué qu'un rôle historique de second

476.0 2010.0 180.0 64.0 devient

224.0 2025.0 1514.0 100.0 ordre <.......> l'arbitre de ses destinées. Il est

226.0 2097.0 1533.0 97.0 impossible de ne voir qu'un jeu du hasard dans

232.0 2161.0 1523.0 99.0 la simultanéité du blocus de la Méditerranée

226.0 2226.0 1508.0 87.0 par l'Islam et de l'entrée en scène des Carolin¬

245 2294 1546 98 giens. A envisager les choses de haut on aperçoit <...>

216.0 2351.0 1533.0 102.0 clairement entre l'un et l’autre un rapport de

220.0 2423.0 1516.0 97.0 cause à effet. L'Empire franc va jeter les bases de
