1800 2540
1649.0 8.0 76.0 112.0 11

218 19 1381 99 possède d'activité Seul le royaume franc,

213 93 1572 80 confiné dans son isolement septentrional, sem¬

216.0 160.0 1200.0 77.0 ble privé de toute chance d'avenir.

249 222 1535 91 Or, de tout ce qu'il était alors naturel et ration¬

213.0 292.0 1515.0 82.0 nel de prévoir, rien ne s'est réalisé. Brusque¬

209.0 355.0 1472.0 83.0 ment, un événement imprévu s'est jeté au

213.0 414.0 1519.0 89.0 travers du courant de <..................> l'his¬

203 491 1584 69 toire a interrompu la série de ses causes et de

211 548 1567 89 ses conséquences, l'a fait en quelque sorte re¬

226 613 1569 93 fluer sur soi-même et, par ses répercussions inat¬

216.0 677.0 1539.0 85.0 tendues a <......> coupé court à la tradition.

209 747 1576 65 L'invasion musulmane à ̀laquelle, du vivant même

216.0 806.0 1548.0 85.0 de Mahomet (571- 632), personne n'avait pu songer

207.0 882.0 1548.0 66.0 ni se préparer, s'est abattue sur <..> l'Univers avec

213.0 933.0 1525.0 80.0 la force élémentaire d'un cataclysme cosmique. Il

207.0 999.0 1489.0 82.0 ne lui a pas fallu beaucoup plus de cinquante

203 1068 1578 79 ans pour s'étendre de la mer de Chine à l'océan At¬

194.0 1132.0 1561.0 82.0 lantique. Rien ne résiste devant elle. Du premier

207 1200 1561 82 choc, elle renverse l'Empire Perse (637-644); elle en¬

213.0 1267.0 1510.0 79.0 lève successivement à ̀l'Empire Byzantin la

207.0 1333.0 1533.0 95.0 Syrie (634-636), l'Égypte (640-642), l'Afrique (698),

216.0 1399.0 1539.0 91.0 l'Espagne (711), la Corse, la Sardaigne, les îles Baléares

205.0 1466.0 1554.0 72.0 l'Apulie et la Calabre. Sa marche envahissante

205 1532 1578 80 ne cessera qu'au commencement du VIII siècle, lors¬

207.0 1598.0 1557.0 82.0 que les murs de Constantinople d'une part (718), les

205.0 1661.0 1559.0 78.0 soldats de Charles-Martel de l'autre (732), auront

205 1727 1588 76 brisé sa grande offensive enveloppante contre les deux

213 1794 1579 91 flancs de la chrétienté. Alors elle s'arrête. La force d'ex¬

205.0 1869.0 1559.0 78.0 pansion est épuisée, mais elle a suffi à changer la

216.0 1928.0 1524.0 74.0 face de la terre. La poussée soudaine de l'Islam a

201.0 1991.0 1548.0 85.0 détruit l'Europe antique. C'en est fait de la com¬

201.0 2057.0 1539.0 89.0 munauté méditerranéenne qui avait survécu

194.0 2118.0 1542.0 98.0 à l'Empire romain. La mer familière et quasi

203 2178 1557 108 familiale autour de laquelle elle se groupait de¬

203.0 2239.0 1550.0 110.0 devient subitement étrangère et hostile. Depuis

205.0 2311.0 1542.0 93.0 des siècles, l'existence sociale dans ses caractères

203.0 2374.0 1565.0 115.0 fondamentaux, était la même sur tous ses rivages.
