1800 2540
1694.0 4.0 67.0 59.0 6

266.0 12.0 1370.0 93.0 leur solution n'y est pas adéquate. A leurs

294.0 86.0 1398.0 91.0 yeux, le peuple franc, dès la conquête de la

275.0 122.0 32.0 66.0 d

268.0 156.0 1481.0 78.0 Gaule par Clovis a déterminé l'avenir de l'Eu¬

264.0 228.0 1466.0 85.0 Europe. Ils voient dans le royaume mérovingien

260.0 289.0 1499.0 89.0 le point de départ et la condition essentielle de

262.0 355.0 1504.0 95.0 l'œuvre carolingienne. En conséquence, ils attri¬

590.0 408.0 362.0 49.0 aux germains

268.0 425.0 1500.0 89.0 buent <....................> une importance

264.0 484.0 1500.0 100.0 capitale. Ce n'est pas seulement l'école alleman¬

249.0 556.0 1502.0 98.0 de qui salue en eux les fondateurs du monde

252.0 626.0 1503.0 87.0 nouveau établi sur les ruines du monde an¬

249.0 677.0 221.0 85.0 tique.

296.0 759.0 1468.0 89.0 Et je veux bien que tout cela soit exact, mais

266.0 833.0 1498.0 83.0 il ne l'est que dans une certaine mesure

254.0 897.0 1514.0 87.0 Il est évident que Clovis prépare Charlemagne et

258.0 963.0 1497.0 91.0 il ne l'est pas moins que les institutions ger¬

249.0 1022.0 1519.0 91.0 maniques ont exercé une action profonde

256.0 1092.0 1510.0 93.0 sur les institutions de l'Europe médiévale

258 1157 1519 91 Mais <.......................> il est indis¬

254.0 1217.0 1514.0 101.0 pensable de savoir s'il devait nécessairement

241.0 1280.0 1518.0 108.0 en être ainsi, ou en d'autres termes, il importe

249.0 1344.0 1464.0 112.0 de se demander <...........> si l'influence

245 1418 1540 110 de Clovis et des Germains s'est imposée en vertu

254.0 1496.0 1526.0 99.0 de sa vigueur propre ou tout simplement en vertu

239.0 1566.0 1478.0 95.0 des circonstances. Et que l'on ne croie point

254.0 1638.0 1497.0 108.0 qu'il s'agisse ici de se livrer au jeu puéril de

245.0 1697.0 1533.0 129.0 reconstruire l'histoire autrement qu'elle n'a

243.0 1769.0 1510.0 127.0 été. Il s'agit –ce qui est bien différent– d'ap¬

243.0 1843.0 1527.0 121.0 précier à leur valeur réelle les forces qui ont agi

237.0 1915.0 1527.0 112.0 sur son développement. La question n'implique

232.0 1987.0 1517.0 110.0 rien de moins que le jugement à porter sur

247.0 2044.0 1517.0 125.0 les causes qui ont provoqué en Europe ce renver¬

220.0 2110.0 1558.0 144.0 sement d'équilibre dont je parlais plus haut.

235.0 2173.0 1550.0 148.0 Il ne paraît pas qu'il y en ait de plus essentielle

241.0 2258.0 1503.0 129.0 à une appréciation scientifique de ce que l'on

237 2315 1223 140 est convenu d'appeler le Moyen âge.
