1989 2569
1877.0 25.0 41.0 116.0 9

421 40 1420 85 elle n'abandonne point ses prétentions,

415 98 1524 94 et la lutte qu'elle soutient contre ses ennemis

408 162 1578 101 et d'où dépend à ce moment le sort de l'Euro¬

417 220 1570 116 pe. <......................>

431 293 731 92 dans la méditerranée.

421 359 1508 124 Ce qui est vrai du mouvement politique ne

417 428 1562 109 l'est pas moins, s'il ne l'est davantage en¬

428 494 1561 113 core, de la civilisation. Faut-il rappeler que

417.0 563.0 1469.0 111.0 Boëce (480-525) et Cassiodore (477- <..> c. 562)

428.0 631.0 1531.0 99.0 sont Italiens comme <..........> S. Benoit

434.0 693.0 1520.0 101.0 (480-543) et comme Grégoire le Grand (590-604), et

443.0 762.0 1486.0 100.0 qu'Isidore de Séville (570-636) est Espagnol?

430.0 828.0 1529.0 83.0 C'est l'Italie qui conserve les dernières écoles en même

432.0 892.0 1527.0 92.0 temps qu'elle répand le monachisme au nord des

430.0 961.0 1516.0 88.0 Alpes et qu'elle porte le christianisme aux Anglo¬

428.0 1031.0 1516.0 90.0 Saxons (596). C'est chez elle que se rencontre à la

434.0 1100.0 1514.0 83.0 fois ce qui subsiste encore de la culture antique

419 1171 1570 79 et ce qui s'enfante de nouveau au sein de l'Église.

426 1235 1549 85 Et pour achever de montrer combien la physiono¬

415.0 1303.0 1516.0 88.0 mie de l'Europe après les invasions germaniques

413.0 1365.0 1537.0 97.0 reste conforme, dans ses traits essentiels, à la phy¬

428.0 1440.0 1526.0 75.0 sionomie de l'Europe Romaine constatons enfin

537.0 1477.0 623.0 64.0 jusqu'au milieu du VII^e siècle

426.0 1507.0 1533.0 81.0 que, <.............>, l'Occident <..........>

421.0 1564.0 1533.0 84.0 demeure, grâce à ̀la navigation méditerranéenne

413 1620 1576 109 sous l'influence économique de l'Orient. de By¬

419 1691 1570 96 zance, d'Asie Mineure et d'Égypte des marchands

421 1757 1562 92 juifs mais surtout des marchands syriens conti¬

417.0 1811.0 1522.0 109.0 nuent à l'approvisionner d'objets de luxe d'étoffes

426 1886 1507 85 précieuses, de vins fins. Par leur intermédiaire

428 1935 1545 98 il reçoit l'or nécessaire à la frappe de ses mon¬

423 1997 1566 101 naies et le papyrus dont se servent les copistes ou

423.0 2057.0 754.0 81.0 les clercs de chancellerie

451.0 2117.0 1497.0 94.0 Cependant la Gaule mérovingienne se débat dans

411.0 2179.0 1537.0 107.0 une effroyable décadence. L'État fondé par la conquête

415.0 2239.0 1533.0 92.0 de Clovis tombe bientôt en décomposition. Ce qui subsis¬

423 2305 1562 88 tait encore de la civilisation romaine <...........>

413 2359 1566 75 se dissout avec une rapidité surprenante. La barbarie

419.0 2408.0 1518.0 109.0 domine partout, dans la vie politique, dans la vie

38 314 384 64 ci cesse pas se

38 348 384 114 jouirantourde)

47.0 235.0 171.0 58.0 prouv

40.0 267.0 345.0 69.0 bbien avc celui celui¬
