1800 2540
1660.0 25.0 51.0 70.0 10

245.0 14.0 1252.0 98.0 sociale, dans la morale privée. Les faits

247.0 63.0 1356.0 114.0 donnent le démenti le plus tragique au thème

235.0 143.0 1529.0 104.0 convenu de l'invasion germanique rajeunissant et

241.0 215.0 1525.0 98.0 vivifiant par un afflux de forces fraiches la décrépi¬

245 287 1555 87 tude romaine. Les Francs ont bien accepté le chris¬

254.0 351.0 1514.0 87.0 tianisme, mais ils se montrent aussi incapables

237 419 1535 84 d'en faire la règle de leurs moeurs que de le pro¬

235.0 484.0 1522.0 87.0 pager autour d'eux. Il faut que ce soient des apôtres

232 543 1534 87 venus d'Aquitaine, d'Irlande (1) ou d'Italie qui l'appos¬

239.0 613.0 1525.0 79.0 tent en Alsace en Suisse, dans les Pays-Bas, en Angle¬

230.0 690.0 1538.0 69.0 terre. La démoralisation et l'inertie du peuple valent

226.0 745.0 1510.0 88.0 celles de ses rois. Ce n'est pas la jeunesse mais la

228.0 814.0 1536.0 83.0 déchéance qu'atteste la société des temps méro¬

224.0 882.0 1540.0 102.0 vingiens, et Grégoire de Tours (538-594) qui a vécu

224.0 963.0 1540.0 82.0 au milieu d'elle et en a été épouvanté résume

237.0 1041.0 1527.0 78.0 mélancoliquement son impression dans ces pa¬

226.0 1102.0 1540.0 91.0 roles découragées: mundus senescit le monde

235.0 1168.0 247.0 85.0 vieillit.

271 1238 1522 97 Si l'on se reporte au commencement du VII^e siècle

228.0 1308.0 1536.0 93.0 <..> remarque donc que l'Europe occidentale, malgré

228.0 1371.0 1491.0 85.0 les catastrophes qui se sont abattues sur elle et les

230.0 1428.0 1478.0 89.0 bouleversements de toute sorte qu'elle a subis, n'a

216.0 1494.0 1548.0 91.0 pas rompu l’évolution historique de l'antiquité. Elle la

228 1555 1551 79 continue sur le même théâtre et sous les mêmes in¬

599.0 1606.0 595.0 55.0 Aucun indice n'annonce

230 1619 1559 93 fluences. <.......................> la fin de la com¬

213 1678 1562 89 munauté de civilisation établie par l'Empire Ro¬

209.0 1748.0 1529.0 85.0 main des Colonnes d'Hercule à la mer Égée et des

224.0 1811.0 1504.0 96.0 côtes d'Égypte et d'Afrique à celles d'Italie et

224.0 1881.0 1529.0 87.0 d'Espagne. Malgré l'invasion germanique le mon¬

222.0 1951.0 1510.0 78.0 de nouveau n'a pas perdu le caractère méditerra¬

224.0 2012.0 1512.0 70.0 néen du monde antique. Aux bords de la Médi¬

224.0 2070.0 1491.0 78.0 terranée se concentre et s'alimente tout ce qu'il

228.0 2180.0 1516.0 86.0 (1) L'activité de l'Eglise irlandaise loin d'infirmer la

205.0 2250.0 1544.0 82.0 thèse exposée ici, la confirme au contraire. On sait que le

220.0 2315.0 1508.0 76.0 christianisme fut introduit en Irlande, à l'époque ro¬

216.0 2370.0 1372.0 87.0 maine, par des missionnaires venus de Mairseille.
