1800 2540
1679.0 10.0 44.0 74.0 8

260.0 14.0 1355.0 89.0 pas assez remarqué que depuis lors, la

249.0 71.0 1515.0 100.0 dynastie mérovingienne tend inlassablement

249.0 139.0 1517.0 87.0 à devenir, à son tour une puissance méditer¬

245.0 205.0 1538.0 89.0 ranéenne. En 542, Childebert et Clotaire risquent

241.0 277.0 1465.0 76.0 une expédition d'ailleurs malheureuse,

249.0 338.0 1489.0 76.0 au delà des Pyrénées. L'Italie surtout attire

245.0 393.0 1510.0 93.0 la convoitise des rois Francs. Ils s'allient aux

243.0 467.0 1489.0 91.0 Byzantins en guerre avec les Ostrogoths puis

239.0 535.0 1514.0 76.0 avec les Lombards, dans l'espérance de prendre

252.0 594.0 1514.0 85.0 pied au sud des Alpes. Constamment déçus, ils

239.0 654.0 1529.0 91.0 s'obstinent néanmoins à pousser leur pointe

243.0 711.0 1470.0 91.0 vers la mer bleue. Déjà en 539 Theudebert a

256 772 1535 91 franchi les Alpes et lorsque Narsès en 553 aura

237 838 1529 89 reconquis les territoires qu'il avait annexés,

245.0 910.0 1497.0 82.0 de nombreux efforts seront faits en 584-585

243 969 1544 93 et de 588 à 590 pour s'en emparer de nouveau.

326.0 1047.0 1425.0 102.0 On peut donc affirmer que l'invasion ger¬

247 1113 1537 95 manique n'a pas mis fin à l'importance his¬

252.0 1168.0 1512.0 108.0 torique de la Méditerranée. Elle reste pour les

243.0 1248.0 1506.0 106.0 Germains ce qu'elle était avant eux, le centre

241.0 1318.0 1523.0 108.0 même de l'Europe, le mare nostrum. L'Italie

243.0 1388.0 1535.0 106.0 continue même d'y jouer le rôle principal. C'est

241.0 1447.0 1501.0 112.0 parce qu'il l'occupe que Théodoric (493-526)

237.0 1517.0 1527.0 98.0 exerce sur les États barbares une hégémonie à

232 1574 1565 110 laquelle Clovis ne cherche pas plus à se soustraire

254 1646 1537 98 qu'aucun autre de ses contemporains. L'équi¬

239 1708 1546 101 libre traditionnel est encore tellement puis¬

232 1773 1548 110 sant que, <.......> Théodoric disparu, Jus¬

228.0 1841.0 1529.0 108.0 ticien (527-565) peut concevoir et presque

230.0 1907.0 1517.0 95.0 entièrement achever la reconstitution de

237 1966 1538 118 l'Empire romain. L'Afrique, l'Espagne, l'Italie

235 2036 1557 110 sont reconquises; la Méditerranée redevient un

232 2091 1554 112 lac romain. Byzance, il est vrai épuisée par

218.0 2159.0 1529.0 114.0 l'immense effort qu'elle vient de fournir ne

501.0 2214.0 257.0 50.0 parfaire

243.0 2224.0 1540.0 112.0 peut ni <......> ni même maintenir cette res¬

224.0 2279.0 1552.0 114.0 tauration du monde antique. Mais si les Lom¬

237.0 2345.0 1543.0 110.0 bards lui enlèvent une partie de l'Italie (568)

237.0 2413.0 1488.0 107.0 si les Wisigoths s'affranchissent de son joug,
