1800 2540
1696.0 4.0 80.0 63.0 5

239.0 21.0 1512.0 86.0 la réalité. <.. .. .. ............ .....>

237.0 97.0 1535.0 76.0 <.......................>

245.0 156.0 1529.0 87.0 <........>. Ce sont des étiquettes commodes, des

222.0 230.0 1537.0 79.0 manières de parler auxquelles il convient de

226.0 298.0 1521.0 80.0 n'attribuer aucune précision scientifique. Il

226.0 361.0 1480.0 79.0 en va d'elles comme des expressions par quoi

235.0 425.0 1518.0 80.0 nous désignons les phases de notre existence.

243.0 488.0 1514.0 87.0 Qui songe à attribuer quelque rigueur aux ter¬

228.0 558.0 1546.0 79.0 mes <.........> d'enfance, de jeunesse, d'âge mûr

230.0 615.0 1555.0 81.0 et de vieillesse? Entre la naissance et la mort

228.0 681.0 1552.0 85.0 notre vie n'est qu'une série de transformations

1289.0 730.0 189.0 67.0 s'achève

226.0 745.0 1523.0 80.0 dont aucune ne commence ni ne <.> à date

235.0 817.0 1522.0 80.0 fixe. Et ce qui est vrai d'elle l'est bien plus en¬

232.0 880.0 1510.0 83.0 core de la vie de la société. Sa continuité ne se

213.0 954.0 1540.0 83.0 répartit pas en compartiments et, pas plus que

222.0 1011.0 1561.0 91.0 le courant d'un fleuve elle ne supporte de cloisons

228.0 1083.0 1536.0 100.0 étanches. L'antiquité ne finit pas, elle se proln

235.0 1157.0 1524.0 91.0 ge, à travers quantité de nuances et de dégrada¬

228.0 1227.0 1510.0 91.0 tions dans le Moyen-âge, comme le Moyen âge

224.0 1293.0 1525.0 89.0 se prolonge lui-même dans les temps moder¬

226.0 1363.0 1525.0 93.0 nes. Et du point de vue proprement historique

224.0 1430.0 1508.0 85.0 ce sont justement les périodes intermédiaires

220.0 1496.0 1544.0 91.0 les périodes de transition qui <.............>

228.0 1562.0 1516.0 101.0 <.> s'imposent surtout à l'attention, parceque

220.0 1627.0 1491.0 100.0 c'est en elles que peuvent le mieux s'observer

216.0 1697.0 1512.0 108.0 les changements sociaux qui forment l'objet

213.0 1758.0 727.0 79.0 même de l'histoire

264.0 1818.0 1449.0 116.0 Si cela est vrai, il en résulte que les médiévistes

222.0 1898.0 1531.0 95.0 en abordant l'étude de l'Empire carolingien com¬

688.0 1947.0 146.0 49.0 posent

224.0 1953.0 1518.0 112.0 me ils le font, <...> mal <....> le problème à résou¬

1088.0 2029.0 316.0 51.0 l'envisagent

218.0 2032.0 1541.0 86.0 dre. Étant médiévistes, ils <..> riniquement

218.0 2089.0 1546.0 105.0 <.> du côté ou, si'l'on veut en fonction du

209.0 2154.0 1531.0 108.0 Moyen-âge, ils <.....> abstiennent de le regarder

216.0 2220.0 1490.0 106.0 du côté de l'antiquité. Mais dès lors <....>

199.0 2288.0 1529.0 110.0 <.....................>

213.0 2360.0 1536.0 99.0 <..................> ils ne tiennent compte

230 2429 1570 101 que d'une partie des éléments de la question et partant
