1279 2062
257 262 905 42 villes, un peu plus tôt ou un peu plus tard, à la fin

250 304 912 55 du XI^e siècle ou au commencement du XII siècle,

249 357 914 53 sont arrivées partout à leur but. Elles constituent

249 410 914 52 désormais des personnes collectives. Leur popu¬

250 462 915 53 lation n’est plus un simple groupement d’hommes

249 517 916 50 reconnaissable à ses caractères sociaux. Elle jouit

247 577 916 41 d’un droit propre : elle est devenue une classe

249 620 916 60 juridique. Comme la noblesse, la bourgeoisie

249 671 914 52 obtient la reconnaissance légale. Pour celle-là la

249 723 913 58 profession des armes, pour celle-ci la profession

245 785 918 48 du commerce et de l’industrie ont eu à la longue

249 829 911 57 pour résultat la possession officiellement reconnue

247 881 913 58 d’une situation privilégiée. Il importe d’ana¬

250 941 908 47 lyser et d’en reconnaître les caractères spéciaux.

281 989 881 57 Ces caractères, faut-il le dire, ne sont point

249 1041 911 60 propres aux Pays-Bas. La formation du régime

247 1094 915 52 municipal, dans ses traits essentiels, a été la même

245 1149 911 48 dans les diverses parties de l’Europe. Il ne cons¬

245 1199 915 50 titue en rien un phénomène national. Les trans¬

245 1262 913 42 formations économiques dont il est la conséquence

242 1312 914 42 se sont déroulées à travers des
