1279 2062
263 290 909 53 ravitaillement, y surveiller le marché, y construire

261 345 907 57 des murs et des ponts. Notger de Liége (972-1018),

261 398 909 52 détourna un bras de la Meuse pour assainir la

264 450 705 51 ville et pour la fortifier tout ensemble.

299 503 873 52 Mais c’est justement cette activité et cette solli¬

263 560 909 50 citude des évêques pour le bien de leurs sujets qui

263 615 909 46 devaient les mettre aux prises avec ceux-ci. L’im¬

263 663 912 50 migration des marchands dans les cités, au cours

261 716 913 50 du X^e siècle, y compliqua la situation, y fit naître

261 771 911 48 des besoins nouveaux et y suscita des revendica¬

263 819 914 59 tions jusqu’alors inconnues. Or, les prélats ne pou¬

264 874 911 52 vaient sans danger, au siège même de leur rési¬

264 936 910 41 dence ^1, abandonner aux marchands cette autonomie

261 982 914 50 dont les princes laïques les laissaient jouir. Ils vou¬

261 1034 916 51 lurent tout naturellement les soumettre au régime

259 1092 915 48 autoritaire et patriarcal de leur gouvernement. Peu

263 1139 914 53 sympathique d’ailleurs au commerce, l’Église con¬

261 1190 914 54 fondait avec l’usure les opérations auxquelles il

261 1244 918 53 donnait lieu; elle taxait d’avaritia cette tendance

261 1297 916 60 à l’augmentation constante de la richesse dans

263 1360 918 42 laquelle les économistes modernes reconnaissent

266 1403 915 52 l’ « esprit capitaliste ». De là des malentendus, des

266 1467 915 45 froissements, et bientôt une hostilité qui n’attendait

268 1519 637 42 qu’une occasion pour se déclarer ^2.

304 1586 877 41 1. J’emploie cette expression à dessein. En effet, on ne

269 1622 906 39 voit point que les villes secondaires des principautés épis¬

269 1659 912 36 copales aient eu à lutter contre les évêques. Dans celle de

275 1689 744 46 Liége, Huy obtint une charte de libertés dès 1066.

300 1735 872 45 2. Pour l’attitude du clergé vis-à-vis du commerce, voy.
