1279 2062
223 254 906 53 l'intervention du pouvoir public est indispensable.

221 311 910 49 Elle est en même temps inévitable. Car l’intensité

221 362 910 52 croissante de la vie urbaine va nécessairement atti¬

221 412 911 51 rer l’attention des princes, et depuis lors, de siècle

221 465 908 53 en siècle, leurs rapports avec les villes ne cesse¬

221 518 836 52 ront plus de se multiplier et de se compliquer.

261 570 871 55 En général, dans les Pays-Bas, les princes laïques

223 623 906 54 leur furent plus favorables que les princes ecclé¬

223 677 911 55 siastiques. Et il est très compréhensible qu’il en

223 728 909 55 ait été ainsi. Les comtes de Flandre, de Hainaut,

223 781 908 54 de Hollande, les ducs de Brabant, comme d’ailleurs

223 836 915 50 toute la haute aristocratie du Moyen âge, n’étaient

226 884 910 61 point sédentaires. Ils n’avaient pas de résidence

223 941 911 52 fixe et se déplaçaient continuellement avec leur

225 998 911 53 petite cour à travers leurs terres. Ne se trouvant

223 1044 913 57 point en contact permanent avec la population

221 1099 913 52 urbaine, ils eurent donc peu d’occasions d’en¬

223 1156 913 48 trer en conflit avec elle. Avant le XIIe siècle, la con¬

223 1204 913 53 duite qu’ils adoptèrent à son égard fut généra¬

223 1256 913 55 lement pacifique. De leur côté, les villes n’eurent

223 1311 915 53 garde d’inquiéter un pouvoir qui les protégeait

225 1364 913 55 contre les petits seigneurs locaux, voisins gênants

225 1415 913 54 et dangereux, et qui s’abstenait d’intervenir dans

226 1469 251 51 leurs affaires.

263 1520 875 55 Mais les évêques se trouvaient dans une situation

225 1573 913 57 toute différente. Établis à demeure dans leurs cités,

226 1627 910 51 ils étaient forcés d’entretenir avec les habitants de

228 1680 896 53 celles-ci des relations journalières et de s’intéresser
