1279 2062
256 261 906 48 obtenu de l’évêque un « privilège» que Henri

254 314 909 48 ratifia. En tout cas, il est hautement intéressant

254 367 908 48 de constater que, comme en Flandre et comme à

254 420 909 47 Cambrai, ce sont aussi les marchands qui, à

254 469 908 61 Utrecht, jouent le premier rôle. On ne peut en

252 527 908 53 douter en voyant l’empereur, pour s’assurer

252 573 910 62 l’appui de la ville, modifier, à la demande des

250 627 912 53 honestiores cives le tarif du tonlieu ^1. A Tournai, où

250 683 912 50 le siège épiscopal, transporté à Noyon au début de

250 733 912 60 l’époque franque ne fut rétabli qu’en 1146, les

250 790 913 51 sources ne mentionnent aucun conflit et tout

252 838 910 62 permet de croire que les débuts de l’ihstitution

250 893 870 53 urbaine y furent aussi pacifiques qu’en Flandre.

288 945 875 60 Ici, en effet, nulle hostilité entre les comtés

250 1001 912 50 et les bourgeoisies. Non seulement le prince les

249 1060 911 44 laisse se développer à l’aise, mais déjà, dans la

249 1104 911 52 seconde moitié du xIe siècle, on le voit inter¬

249 1158 913 56 venir en leur faveur. C’est qu’elles sont dès

249 1220 907 42 lors assez influentes pour qu’il soit utile de gagner

249 1262 906 57 leur sympathie. Robert le Frison (1071-1093),

247 1324 913 43 arrivé au pouvoir par usurpation, a cherché visi¬

247 1371 916 50 blement à les attirer à sa cause, et ses successeurs

247 1424 911 52 Robert de Jérusalem (1098-1111) et Baudouin VII

252 1474 908 58 (1111-1119) ont continué, à leur égard, la poli¬

249 1527 909 52 tique dont il leur a légué l’exemple. Pour la pre¬

250 1582 908 53 mière fois, sous le règne de ces princes, des

293 1656 848 50 . WAITZ. Urkunden zur Deutschen Verfassungsgeschichte

263 1695 151 45 1871, p. 28.
