1279 2062
118 292 908 55 à leurs faits et gestes. Plus cultivés que les

118 345 910 53 laïques, ils professaient en outre une théorie de

118 398 910 55 gouvernement reposant sur le double principe de

118 450 910 50 l’obéissance à l’autorité spirituelle et à l’auto¬

118 515 910 41 rité temporelle, toutes deux émanées de Dieu même.

116 555 910 53 A Liège, à Utrecht, à Cambrai, les prélats excel¬

118 618 913 41 lents que les empereurs chargeaient de l’adminis¬

118 663 913 50 tration des diocèses s’efforcèrent durant tout le

116 713 913 53 X^e et le XI^e siècles de maintenir la fidélité au sou¬

122 769 909 48 verain et la « discipline teutonique ^1 ». Il semble

118 821 915 50 bien qu’ils aient remarquablement organisé les

118 871 911 55 institutions domaniales de leurs terres et que la con¬

118 929 911 52 dition des paysans, sous leur autorité vigilante et

120 991 911 40 ferme, se soit trouvée singulièrement favorable. La

120 1031 909 58 petite noblesse du pays obéissait moins facilement,

118 1085 913 50 et c’est elle sans doute qui provoqua à Liège, sous

118 1135 913 54 l’évêque Éracle (959-971), à Cambrai sous l’évêque

120 1189 911 53 Engran (956-960), des insurrections sur lesquelles

120 1254 811 41 nous sommes d’ailleurs très mal renseignés ^2.

156 1295 875 52 Il est certain, d’autre part, que-les cités épisco¬

122 1347 909 60 pales, plus peuplées et plus animées que les châ¬

120 1403 913 50 teaux des princes laïques, jouirent aussi d’un ordre

120 1455 914 50 et d’une police plus fermes. Les évêques prirent

122 1519 911 37 des mesures de toutes sortes pour en assurer le

152 1613 872 52 1. Voy. H. PIRENNE. Histoire de Belgique, t. I, 3e cuit.

125 1654 201 50 p. 65 et suiv.

149 1695 872 38 2. On a voulu considérer ces mouvements, sans la

123 1728 750 43 moindre preuve, comme des essais de commune.
