1279 2062
237 295 911 55 des officiers de l’évêque, la population marchande

237 353 909 57 supportait impatiemment leur pouvoir. Depuis

237 415 911 38 assez longtemps elle se préparait en secret à la

235 455 916 51 révolte, lorsque, en 1077, l’évêque Gérard II dut

235 506 913 54 s’absenter pour aller recevoir l’investiture des

237 561 911 54 mains de l’empereur. Il était à peine en chemin

237 615 914 58 que, sous la direction des marchands les plus

235 670 916 49 riches de la ville, le peuple s’insurgea, s’empara des

238 725 912 51 portes et proclama la commune. Les pauvres,

237 783 918 41 les artisans, les tisserands surtout, secondèrent

238 835 915 41 d’autant plus énergiquement le mouvement que les

240 879 910 52 sermons d’un prêtre grégorien, Ramihrdus, leur

240 934 911 48 dénonçaient l’évêque comme symoniaque et exci¬

238 984 913 53 taient au fond de leurs cœurs ce mysticisme popu¬

240 1044 911 47 laire que nous retrouverons plus tard si fréquem¬

240 1092 913 48 ment mêlé aux soulèvements de la démocratie

240 1146 911 49 urbaine. Favorisée par les tendances toutes prati¬

238 1199 912 51 ques des uns, par la ferveur religieuse des autres,

238 1257 913 45 la commune fut jurée au milieu de l’enthousiasme

238 1299 913 58 général. Essentiellement révolutionnaire, elle pré¬

238 1354 913 58 tendit briser d’un seul coup un régime que ses

240 1417 911 47 intérêts aussi bien que sa foi lui faisaient appa¬

238 1460 913 53 raître doublement odieux, et, en présence de la col¬

240 1512 911 53 laboration des marchands, des tisserands et de

244 1570 907 48 Ramihrdus, on ne peut s’empêcher de songer à la

242 1628 909 45 Florence mercantile, ouvrière et mystique du temps

245 1671 258 54 de Savonarole.

285 1728 859 53 La nécessité de maintenir par la force le régime
