1279 2062
113 254 913 48 concessions formelles établissent en droit la situa¬

115 302 913 57 tion particulière de la population urbaine. Elle

111 353 917 57 reçoit des privilèges en matière de tonlieu, en

111 407 918 56 matière de service militaire, en matière de

110 457 918 61 juridiction et de procédure. Dès le début du

111 513 917 57 XII^e; siècle, toute la Flandre, d’Arras à Bruges, est

111 565 917 60 parsemée de villes actives et florissantes, placées

111 630 917 43 sous la protection du prince, et reconnaissant ses

111 673 908 57 bienfaits par une fidélité à toute épreuve. En 1127,

111 725 913 55 lors de l’assassinat de Charles le Bon, elles se

111 785 913 51 lèvent toutes ensemble pour le venger, et le

110 838 914 48 loyalisme qui leur fait prendre les armes provoque

110 883 911 56 aussi leur première intervention dans la vie poli¬

111 936 913 55 tique du comté. Elles prétendent intervenir dans

111 989 911 55 le choix du nouveau prince. Elles dictent leurs

110 1041 911 55 conditions à Guillaume de Normandie, sans s’in¬

110 1094 912 62 quiéter des ordres du roi de France; elles se

110 1149 911 58 soulèvent contre lui dès qu’il manque aux pro¬

110 1201 909 60 messes qu’il leur a faites, et c’est elles qui

110 1256 909 53 installent sur le trône une nouvelle dynastie en la

115 1305 662 64 personne de Thierry d’Alsace (1128).

546 1427 33 57 II

147 1627 872 55 Qu’elles aient vécu en bonne intelligence avec

120 1680 897 57 leurs princes ou qu’elles aient dû les combattre, les
