1279 2062
974 240 54 19 9

242 221 662 43 FORMATION DES INSTITUTIONS URBAINES

156 286 872 55 Elle se présenta lors de la querelle des investi¬

122 341 902 57 tures. Mécontents de leurs évêques impérialistes,

118 393 910 55 les marchands prirent passionnément le parti du

120 446 909 60 pape. L’opposition religieuse alla de pair chez eux

116 506 910 49 avee l’opposition politique. Les prêtres qui soule¬

118 553 910 53 vaient le peuple contre les prélats simoniaques ne

116 606 910 55 rencontrèrent nulle part des partisans plus enthou¬

113 666 916 47 siastes que parmi ces commerçants et ces artisans

115 714 916 48 dont les revendications économiques trouvaient

116 764 913 60 tout à coup à s’utiliser pour la bonne cause ^1.

118 816 910 56 L’histoire de Cambrai nous permet de le constater

116 879 545 45 avec une netteté remarquable.

154 922 879 57 Pendant le XI^e siècle, la prospérité de cette ville

118 976 913 53 s’était largement développée. Aux pieds de la cité

120 1032 908 55 primitive s’était gróupé un faubourg commercial qui

116 1080 913 55 avait été entouré, en 1070, d’une enceinte fortiflée.

118 1134 915 55 Mais, placée sous l’administration du châtelain et

120 1221 906 55 par exemple la Vita S. Guidonis (Acta SS. Boll. Sept., t. IV,

122 1266 911 46 p. 43) : « Mercatura raro aut nonquam ab aliquo diu sine

118 1297 387 45 crimine exerceri potuit ».

149 1335 875 44 1. Il faut comparer ici, avec les événements des Pays-Bas,

118 1372 911 40 ceux qui se passèrent à la même époque dans les villes rhé¬

118 1407 911 39 nanes et dans les villes lombardes. Il importe aussi de ne

120 1436 908 52 pas oublier que l’appui donné au pape par les féodaux

122 1470 906 54 pendant la querelle des investitures s’explique en grande

122 1512 906 44 partie par leur intérêt. Grégoire VII eut en réalité pour

120 1546 909 40 lui, dans l’Empire, les deux forces qui allaient dominer

118 1582 910 41 l’avenir : les princes laïques et les villes. L’empereur ne

118 1620 908 41 s’appuyait plus que sur les partisans d’un ordre social en

116 1654 910 45 train de disparaître. Il y a là tout un ensemble de phéno¬

120 1689 904 43 mènes dont on tient en général trop peu de compte dans

123 1723 401 43 l’étude de ce grand conflit.
