2713 3552
2532 17 103 128 5

1895 62 273 83 victoire

589 76 2049 113 fond en comble , et quand la <....> d'Arnoul de

583 186 2050 98 Carinthie à  Louvain l'eut enfin débarrassée des

574 290 2088 109 pillards, ses ports n'existaient plus, et les étapes établies

571 387 2103 122 par les marchands le long de ses cours d'eau <.....>

559 506 2109 112 avaient disparu. Du progrès social accompli au début

568 612 1217 119 du IX siècle, il ne restait rien.

1409 698 258 50 II

616 725 2017 127 Pendant l'anarchie à laquelle il venait d'être

571 831 2100 113 en proie, le pays avait changé d'aspect . La nécessité

568 938 2070 127 de se défendre contre les barbares y avait fait élever de

556 1062 2059 104 toutes parts des fortifications que les documents de

562 1163 2065 115 l'époque désignent sous le nom de castra. Très diffé¬

556 1260 2079 122 rents des tours et des donjons dans lesquels les barons

577 1358 2091 92 commencent dès lors <.....> à  <....... .......> ces châ¬

1768 1329 234 82 habiter

550 1444 2124 136 teaux rappellent d'assez près les acropoles antiques

556 1548 2100 133 ou les oppida des Gaulois et des Germains <à l'époque>

547 1642 2086 145 . Ce sont des enceintes de pierre destinées à

550 1749 2094 118 servir de refuge à  la population  et à  mettre à  l'abri

553 1844 2115 130 d'un coup de main soit une <........>, soit <....> une

1797 1826 273 62 abbaye

559 1938 2106 136 résidence princière, soit la "cour" centrale de quelque

568 2036 2088 145 grand domaine. Leur forme est très simple: une cour¬

550 2146 2127 124 tine flanquée de tours, disposée en plan carré et entour¬

553 2240 2121 133 rée d'un fossé . A l'intérieur, des bâtiments claustraux

542 2344 2132 127 une église, des greniers, des habitations pour les servi¬

533 2439 2088 118 teurs laïques ou ecclésiastiques, le clergé et une petite

553 2560 1718 121 garnison permanente (milites castrenses).

621 2672 2065 107 Ce furent les comtes, en train de se transformer à cette

544 2764 2145 122 époque, grâce à  la faiblesse du pouvoir royal et au désor¬

553 2865 2094 112 dre des institutions, en princes territoriaux , qui pri¬

547 2957 2118 115 rent partout l'initiative de ces travaux de défense.

568 3057 2106 101 Eux seuls possédaient l'autorité nécessaire pour con¬

2280 3128 258 65 châteaux

542 3149 2091 109 traindre les populations rurales à  bâtir les <......>

544 3250 2130 109 et pour diriger une œuvre dont le détail nous échappe

533 3344 2144 113 absolument, mais qui fut <............> poursuivie avec

44 716 136 109 II
