2713 3552
2570.0 14.0 122.0 80.0 13

592.0 41.0 2091.0 139.0 attachés à la terre, deviennent les artisans incons¬

592.0 171.0 945.0 116.0 cients du progrès social.

621.0 269.0 2062.0 115.0 Les documents de l'époque donnent à ces endroits des

1862.0 337.0 202.0 77.0 appelle

568.0 358.0 2062.0 133.0 noms caractéristiques. Elle les <......> emporium

574.0 458.0 2106.0 131.0 c'est-à-dire entrepôts, ou plus souvent, et d'un mot

568.0 541.0 2130.0 151.0 qui fera fortune, portus. Depuis longtemps, on désignait

2123.0 609.0 557.0 62.0 grâce aux avantages de

559.0 642.0 2121.0 133.0 ainsi un endroit <.....> par lequel, <.. .... ....>

642.0 751.0 433.0 63.0 sa situation

568.0 745.0 2106.0 131.0 <.. ... ....... .......> passent habituelle¬

562.0 828.0 2085.0 145.0 ment les marchandises ^(1). Mais, à partir du X^e siècle,

577.0 926.0 2073.0 157.0 le portus n'est plus seulement un passage : c'est le

580.0 1065.0 1120.0 110.0 groupement permanent des

1711.0 1033.0 904.0 97.0 individus massés en un

2609.0 994.0 95.0 121.0 lieu

574.0 1127.0 2121.0 148.0 de passage. <......>, dans les Pays-Bas, le nom le plus ancien

1158.0 1115.0 254.0 74.0 son nom est

574.0 1222.0 2106.0 151.0 qu'aient porté les agglomérations urbaines. Durant

556.0 1308.0 2085.0 154.0 tout le Moyen Age, en néerlandais, une ville s'est

574.0 1420.0 1647.0 148.0 appelée poort et un bourgeois, un poorter.

621.0 1539.0 2041.0 127.0 Par une rencontre étrange à première vue et qui

1889.0 1610.0 74.0 71.0 très

562.0 1628.0 2071.0 124.0 n'a rien pourtant que de  naturel,

1628.0 1702.0 560.0 85.0 et des cités épiscopales

574.0 1719.0 2127.0 142.0 c'est au pied des châteaux dont nous parlions tout

565.0 1823.0 2097.0 127.0 à l'heure, que vinrent se former, au cours du X^e siè¬

1060.0 1814.0 246.0 92.0 les portus

2277.0 1894.0 421.0 71.0 règle sans exception.

568.0 1929.0 2124.0 119.0 cle. Sans doute ce ne fut point là une <.................>

568.0 2003.0 2112.0 145.0 <....... ..... ...... ...........>

2505.0 2066.0 128.0 62.0 sièges

562.0 2089.0 2118.0 163.0 <........... .... ......>. Les forteresses, les monastères, les <.....>

654.0 2205.0 400.0 77.0 diocésains <......>

559.0 2190.0 2115.0 148.0 <......... .... ...... .......> à l'écart des voies du

1131.0 2190.0 195.0 65.0 situés

1531.0 2178.0 249.0 74.0 <..........>

556.0 2285.0 2130.0 154.0 trafic ne virent point se masser autour de leurs murs

559.0 2382.0 2118.0 148.0 les jeunes agglomérations marchandes ^(2). Cette fortune

1084.0 2471.0 429.0 89.0 qu'à ceux-là seuls

547.0 2483.0 2130.0 142.0 n'échut <...... ......> dont <..> l'emplacement ré¬

550.0 2581.0 2130.0 154.0 répondait aux nécessités commerciales. Et ce fut le cas de

1294 2681 115 68 eux

560 2679 2150 154 la plupart d'entre <....>. Les endroits qui se prêtent le mieux

562.0 2779.0 2130.0 154.0 à la défense d'un territoire sont, en effet, ceux aussi

539.0 2874.0 2120.0 151.0 vers lesquels se dirige<..> naturellement la circula¬

38.0 3001.0 489.0 163.0 fut le cas pour

50.0 3140.0 477.0 92.0 anne qui, bien que

47.0 3202.0 483.0 98.0 d'un évêché, resta

44.0 3282.0 474.0 77.0 rs une bourgade

82.0 3347.0 451.0 65.0 importance à cause

38.0 3386.0 492.0 83.0 ditions désavanta¬

38.0 3445.0 486.0 83.0 de sa situation.

574.0 3090.0 2085.0 171.0 (1) "Portus dictus a deportandis commerciis". Isidore

574.0 3193.0 2088.0 163.0 de Séville, Étymologies, l. XIV, ch. VIII, §§ 39 et 40. Sur

562.0 3288.0 2145.0 157.0 Sur ceci, cf. H. Pirenne, Villes, marchés et marchands au

542.0 3380.0 2138.0 166.0 Moyen Age. Rev. hist., t. LXVII (1898), p. 62 et suiv., et le
