2713 3552
2526 8 121 77 102

589 44 2085 112 et perilleuse amascant un fortime considéiett

592 136 2088 118 ou disparaissant dans quelque rocontre, périacant

607 222 2049 127 dans quelque rixlobocure. Dautres tout d aimple

613 310 2058 136 porte-balle, des colporteurs fréquentant les châteaux

598 402 2079 133 au les cités des olentours. D'autres encore, boulanger

589 503 2091 127 brasseurs, hanneurs etc. Naus apparaissent comme

589 580 2091 142 elliartisum <a..e...... .......>

716 600 148 71 siiples

1255 666 459 62 dt de très bonne heliye

586 674 2064 134 <... ..a. Etd....ehcertainenent

592 769 2061 133 dans Nr certain Nuuls de villes ces artisans le divi¬

918 787 97 65 V2

574 870 2082 127 sent en deux groupes. Les uns, vacajes s'ormpent

586 953 2094 148 d la Harobéition des objets indispemables à la sub

817 979 296 62 fabrication

586 1047 2088 163 tistance de la population locale ; les autres travail¬

577 1157 2079 157 lent pour les marchands-Voyageurs qui exportent

592 1255 2076 142 an lois leurs prodits. En Flandre, des le t li en su

586 1352 2064 157 XIe si cile, la tisserands ruraux l'agglomérent

595 1444 2067 169 sijà dans les villes ety conatituent les prennces spoi¬

2351 1506 296 68 ..art

577 1577 219 77 éléhrents

562 1554 2100 165 de cette clasce Omrière dont nm aurom s Rouvent

592 1681 2067 136 à nons ormper dans la ante. Ajoutoes infii a

1753 1755 441 71 domcatiques

586 1781 2073 134 tont cela, des batilies, des bartains lebes ormpes

598 1867 2106 160 ou service des mashands, ets debardeus, teftaite

2333 1938 178 83 ttrafié

589 1983 2079 148 le personnel néussaire à l'exerce ds rovrxran¬

583 2098 1232 130 IIe et tubaistant grare à lui¬

624 2175 2059 154 La ville naissante, le portus, eet donc me lien per¬

574 2285 2112 139 avent de commerce. C n'est pas, comme on l'a crer

592 2376 2079 142 parfois, l'égis teure d'un marché de semaine on

604 2604 1993 160 (1). C'est à tort cerlaissement que P Bucher, Dic

598 2714 2040 124 Gutstehins des Volkewints chaft Ee éclit, p. 90 et

583 2788 2082 154 R. Somtart. Der Moderre Kapitalismus, l'I. p. 219

595 2897 2100 134 ont mé la poccititité d fostines considérables peu¬

592 2986 2082 142 dant les premices temps de l'évolution vrbaine.

592 3069 2082 151 Les tources de l'épaque on parlent de mercatooes

589 3143 2073 160 ditiasimi et neus doment même des détaits acer

574 3241 2109 168 précis tur l'origine d la rictesse dcertains d'entre

592 3330 2073 177 eux. Voy. W. Piienne, Villes, Marchis et Marchands
