2713 3552
2603 29 92 127 8

627 62 1988 139 Mmilius qu'ils condluisaient eux. emes a

624 174 2047 133 l'arméc. Seule les centres permanents de l'oyani¬

604 272 2052 151 tation religieuse ou de l'organisation lorvaniale

607 390 2026 133 poaiédaient un personnel permanents, de clercs

601 500 2067 130 Au de maines pious lesuns de maires de ménictrils

604 615 2037 125 (miiisteriales), de .erfi....ses rons les autres.

1649 574 382 92 drnestiques, ()

624 722 2014 163 β................... On remontrait par¬

604 825 2064 142 tout des citisépiscopales, des palais royaux, ds mo¬

595 929 2076 133 naatères des villas : <.......t..........>

592 1036 2058 136 car mals toute tranavait disparu de l'avtmi¬

592 1130 2046 154 nistration à forme Municipale de l'épogue No¬

595 1296 397 65 Maine.

627 1349 2023 139 L'apparition des castra, au Xe aicch, fit rnaître

598 1453 2070 145 quelquichase d'analugne. Les prinas teriitoriaux

589 1565 2067 128 qui avaiant constmait ces firtiusses ne pouvaients

577 1669 2103 121 anquer de les utiliser pour le goureumement

574 1767 2103 130 s leur terre. Avecelles réapparut, bi en faiblement

568 1876 2094 124 lurore et lien incomplêtement, ce prerccipe de la

559 1977 2094 127 dédentarité Adurins tratie qui est inséparable

571 2083 2103 131 de toute cévilésation avancée. Bientôt les châteanx

559 2202 2056 127 due frerent plus seulement des lieux de refrnge. Le

568 2317 2106 110 commandlant de leur garnison, le châtelain, devvint

556 2415 2079 115 un fouctionnaire charge de surveiller et de régir

562 2530 2073 104 au Nom du prince, la region rorocrioaronte. Llès la

1812 2492 480 68 urvisonnante

568 2628 2073 101 fin du Li'si écl, ee Flandre, on le noit pourven d'at

553 2720 2068 115 tribations judénaires et finamières, à côté de tes

550 2820 2074 107 prinitives attritutions militaires. De merne le

556 2912 2077 98 châtean deuient le lieu de réminon des échevins des

550 2995 2094 115 .aq abeutours : .<. ..... .c Ba

574 3149 2097 130 (1) On sait qu'on appelle ainsi <.......t) les terfs nour¬

556 3241 2109 121 rès dans la maison des maitie, par apposition aux terfs

556 3332 761 104 attachés à la glète.
