2713 3361
675 58 2001 115 lieu de la tituative exentinque qu elle avait orcu¬

681 165 2001 103 pée curant la période ronaine se troeva jouis s'ens

667 271 2003 101 admivable osition centrale dans ..... l'En

664 380 2040 107 rope amplifée. Elle ne Gortitua plênt srbaut

2186 361 123 73 pas

624 492 2063 98 la point de contact enter les deux paudes natio¬

641 618 2043 90 nabitis s Romane et gomaiique) qui denaient

655 711 2032 106 faire la cevmlisation des moyen âge alle c'est encons

641 831 2024 98 a travers don territoire qu 'allaient s'accomplie,

655 932 1996 104 pour un bonne partie, les ectanges de toute

633 1039 2004 106 torts, ertanges intellectnt comme estanges

636 1142 2023 104 Mitériel, qui s opésérent de l'une a l'autre. Dès

641 1254 2035 101 l'époque carobingionne son nolement a cessé e elle

655 1335 592 59 grparait cqiume

639 1352 2009 104 <a.traau uun des contous les plus vivantes et les

658 1453 2001 109 plus puspères de l'Orcident. Elle se conore de monas¬

622 1557 2040 89 tères et de granols domaines en même temps yprolle

627 1655 2038 103 aberreat que la prédbilection de Charlemagn pour le

613 1744 2029 112 tyons i'aix, la. Chapelle tait d'elt si l'on peut eisi

639 1848 2020 101 dire, la bauliené <..............>. Tous reux

1345 1814 712 82 du palais iimpériul

627 1952 2027 101 qui des dévers foints de la chectienté snt le dorijeunt

605 2044 2035 107 es Le Rriadic ord tout contrants et la tra¬

1011 2027 454 68 le sauverain

619 2145 2029 109 vosser. L.ch.n...<...... ...aque........

610 2251 2044 98 .on ..r.. .. ....... b..tt

616 2327 2035 137 Eonait la Mauwchli Leant. Us boune partie des

622 2439 2020 98 denrées de toutes tortes, neresaaires au ravilailorvent

616 2537 2032 115 de le cour était tramputée par ses flus, etc'est en¬

616 2652 2035 104 core par ceux-ci que les monantires des régions les Nord

605 2722 2037 134 faisaient venir de calliures de le Moselle le Vinqi il leur

594 2820 2074 148 était imposeibhe de padduire tous leur ct et fraid et

594 2924 2060 134 brumeux. Dans l'Eivope tout agricole d a temp.

599 3027 2055 129 là le Belgique certainement en avance sue les contin

594 3128 2043 132 paisines, prèsent le speitart d'un commerce relatine

2539 22 95 92 3
