2713 3552
2594 17 92 104 1

550 62 2062 154 Lowatueu le cellese tii les autres font pense à ces

539 168 2138 136 "forto, et à ces blockhans "eleves par les Francais on le

544 272 2080 136 Anglais du XVIII ticcle dans les prairies de l'amérique

553 355 2121 151 du Vorit et les forêts du Canada. Comme eux. Ae tout ecsentirr

521 470 2135 133 lement ds postes Militaires et de postec édinies tratifs

1466 645 115 234 11

604 816 2046 143 B.aoe. Il d evait cesser l'entôt l'en être ainsi.

550 917 2118 136 Les Vormands desparus et la sécurité rétablie, le

562 1012 2118 142 monieurent commerciat qe noce avons observé

562 1110 2118 150 aux pruniers temps de l'époque Carilingsenne, dans

556 1213 2121 133 les bassius de l'Ecant et de la Mense, ne pouvait

571 1314 2079 145 tarder d'y reprendre. Le vieux port du I4e L'é cle, il est

547 1408 2100 140 Vrais Quentooie. Tiel et Duurstede ne se relivirent pas

556 1506 2103 169 et leuro Mimes. Mais per à pau de Nuveaux autres

2067 1586 228 80 cstle pois

550 1625 2118 136 économique allaient paraitre et jouir e une perrapé¬

553 1761 572 109 rité durable.

586 1808 2082 172 Graie à leur exriblente situatin geogreptique, le Payp¬

544 1918 2139 154 Oas sirantte aniaron virent l Activité commerciate

544 2042 2142 121 le ramimes cher lux de scilleure heure que dans la plu¬

550 2125 2136 139 part de Autres contries lituées du Nord des Olpec. Lo grande

544 2214 2139 136 étliitue se leurscôtes le voisinage de l 'Angliterre la tios

577 2305 2091 142 pleuves sufonds qui les traversent et qui les rattachent

542 2385 2141 169 par des routes aturelles l n au tud de l'Allemagne

547 2477 2139 163 et aux cols daXat mis à l'Italie l'autre à la Bour¬

568 2575 2109 174 gagne et au conloir de la Same et du Chône, la troisieme à

550 2681 2136 160 la France Contiale, les distinaient à javer, dans le bas

527 2764 2153 157 sin de la er en vord, le même rôle que Venise, tisa et

1717 2847 305 92 et de l'Adrictiquz

542 2871 2138 142 Gâres dans cebis de l Méditirranée. Ils constitrièrent des

547 2960 2118 165 le X sccle le point de pouction des deux grands courants

539 3060 2138 163 du trafir erropeen. Pax le cabotage de la mer du Nord

539 3152 2111 169 et de le Baltique ils le trouvent en contait avec les né

553 3264 2109 196 gociants crientaux qui, a travers la plaine mase cércu

62 663 189 201 51
