2713 3552
601 74 2043 115 ent Sencoppe. Quintoric à l'embourture

627 177 2011 101 de la Canche Ticl Iltrecht et Dorestad aus le Ahiin

633 287 2041 106 imférieur tout dans le Noud les ports l plus vs por¬

648 390 2056 119 fauts de la Monarchie Carolingierme. Faleuriume

639 503 2011 100 et Mautricht titues aux entroit où la Vieille

648 612 2023 95 chanoaie Ronaine coupe le cous de la Meme et

639 728 2032 91 cibes de l'Escant deviennent des statroomeent

627 837 2047 113 de barques et des l'eux se hivermage pour le mar¬

633 950 2035 103 chandls. Enfin l'atondance desatiliers Monitaires

627 1056 2038 119 prouve que l'nsage les Muneraire, digne viri¬

616 1163 2064 115 insable de deoeluppement éronomique l faits on plase

610 1278 2037 130 de plus en plus paude à coti de l'artique Lysteme

616 1400 2058 118 du ectanges le nature. Malgri la rariti d mus

613 1521 2043 95 tocuments, nom pourons aperavoir anasi des le

583 1622 2050 121 I4 sèrà les dymptômes d'une Activité Vonlen¬

580 1731 2058 110 triell aver Sevcloppée. Dans les pracries hnni les

595 1829 2064 115 d la côté la drapérie des Mrovins et des Ménapieus se

592 1947 2052 110 Rouime et ses tianns, transportés ou loin par les

2404 2015 234 74 propagent

592 2057 2082 109 parques de Quentovic, de Viil et ds Amistade portart

604 2163 1999 110 uq'aux montagnes d la Sirisse la reputation

586 2264 2064 101 des anteaux foisons". Le travail da métal com¬

577 2370 2038 104 meure à se sevelopper dans la vallée de la Mense.

580 2474 1368 121 à lux et à Dmant. Lopodait.

627 2575 2008 127 C'étaient la les manifistations d'une Actioité

583 2687 2067 116 yut devait êts biutit interrompue. La titua¬

577 2791 2094 127 tion gragraptique des Pays. Bar, en meme temps qu'elle

571 2912 2103 95 farorisait leur commerce les expisait aussi auyat¬

562 3004 2109 106 laques du schors, Vulle part, peut-éte les inairsions

571 3110 2097 101 les Normands n'acumnubrent plus de oimes que dans

568 3205 2076 110 cette région di largement oroverts dur la merpar les

577 3297 2076 136 latraires d ss flumes. D 820 à 891. elle fut ravagée de

2573 14 104 89 4
