2713 3552
2573 2 65 98 16

562 44 2124 133 Serfs. Mais comment le savoir s'il ne le devoi¬

574 136 2064 127 leut eux-mêmes. Il p eut bi en arriver et l'arriv e

574 219 2118 159 qu'e propriétaire dles envioons, Gascant Las l'ax

571 316 2124 160 glomération marchande y décoiuse un de ss hommes

565 396 2130 175 et le réclame. Mais d tels accidents dont rares. En fait

580 503 2064 148 dans l'état Sicial du X et du XIe sicile, l'étranger

571 603 2127 137 l'hooume du détors. n'a point d'état crvil et, n'en coyants

577 689 2073 142 point il est trarté comme un rommé litre car la

556 775 2136 139 S erritride ne se présume pas. Les premien Nabitants

574 882 2109 148 des villes maiscantes n'ont point ela reuculiquee

568 959 2115 151 la litarté. Elle leir est venue d'elle méme et tout

574 1044 2118 160 dimplement een Verhifds cisronstanes soiales de

580 1148 2112 151 l'époque. A n'est qu'acla lonqne, erbeaeconp phu

550 1228 2136 166 tard qu'elle êrrendru pour eux un drot Elle a

1238 1249 287 68 conttituara

580 1352 1493 128 commencé par n'ête qu'n fait.

619 1420 2067 163 Et les cosiquences d ce fait ont été dime ieportane

556 1521 2130 163 primordiale. Cax tout l'obord il a l ermig aux hom¬

562 1595 2112 172 mes Ou portus de de livre dans entraves à liracti¬

574 1761 779 91 nté liononique.

598 1793 2082 142 Il importe d'exaimer celle-ci avec quelque atten¬

565 1935 237 101 tion.

1356 1882 278 169 I2

583 1980 2091 133 Les somments contemporains ......t compreoment

547 2048 2151 157 tous l nom de Mercatores les premiers hatitants de

556 2146 2133 156 Cobinies marchanales. Il faut se gonder de doumer

562 2252 2127 124 à ce mot son Acception Moderne. Les Marchands.

565 2329 2109 166 des postres ds haut moyen age ne conatituent na

565 2409 2115 166 turellement pas une clases de Commercants spéro¬

539 2501 2153 160 alisés. Ille doit les considérer comme un groupe et geus

544 2607 2133 169 ..........t. <.........> ........>>

553 2693 2121 178 pêtmôe a be veute s'oimpaut pèlemile de veute

550 2788 2130 157 d'achat, dls production et le transport. On trouve

553 2883 2130 171 parnis eux les conditions Esphs diveesis. Le plus teu¬

536 2983 2099 166 Reux au les pleus habiles possédent des barques et des

539 3090 2126 148 cheoaux et paasent la plus grands partie de l'amée en

533 3158 2153 172 lointains Jryage, tentant la chance dur les marché¬

542 3261 2135 166 et à travers les péripéties d'une existeure vagabonde

115 1918 169 192 11.
