2790 3306
311 68 116 152 5)

708 30 2057 69 seus divers fut presque constamment en état de crise. Li grande

691 74 2046 102 et si grave qu'elle ait été pourtant, la divergence das tendances ne

689 140 2059 107 se manifesta que parmi les individus, elle n'alla jamais jusqu'a

689 212 2048 113 opposer <.g........... laate, au sein du comgrés. de

680 272 2071 119 bloc cotholique et le blor libiral. <.............>

675 330 2081 130 tiss A aucin moment ils ne luttirent l'un contre l'autee comme

678 391 2059 140 l'avaient fait jadis les vander No0tistes et les Vouckistes. Aussi

678 457 2045 143 longtemps que les sestinées de la Belgique furent en ques tivn ila

675 512 2070 149 restirent fédèles à l'ntents coulue lu 1828. <.........>

678 570 2059 160 <.............. Les votes contra¬

678 636 2048 160 dictoires que l'on abserve au siem de charem c'aux ne provinsant

694 710 2016 166 que de la diffésence des convictions personnalles , ils ne s ex¬

683 790 1354 165 pliquent en ricn par l'intérêt du parti

2042 787 475 116 en constatant

744 834 1963 199 des le 20 decm- bse 1830, la Confisemi .........>

678 925 2073 174 <que "l'amalgame parfoit et complit que les Puissances

680 989 2074 179 avaient voulu apérer entre la Belgique et la Hollande n'avait

683 1074 2007 162 pas été obtem"et en se déclarant disposée à reconnaître

680 1146 2052 157 "l'indépendance futare" de la Belgique avait en samme

689 1209 2040 162 ........ ....> cousavré l'existence et le sunes de la

678 1286 2065 182 rivolution. Elvogan...........> MMais elle y ajoulait

672 1374 2054 146 tout de suite une restriction essentielle, en affimant

697 1454 2051 143 Sa nolonté de " comtiner""cette indépendance avec les sti¬

689 1523 2065 163 pulations des traités, avec les intérêts et la sécurité des au¬

680 1614 2068 149 tres Piisances et avec la conscevation de léquititre emro¬

683 1688 2071 166 pien". Ille ajoutait que ces arrangemeerts " ne pourraient

680 1763 2074 179 affeutes en rien les droits que la roi des Pap-Bes et la confé¬

672 1856 2073 166 dération germanique excrcent sur le Grand Ducté de Loques

667 2022 308 74 bourg"".

672 2019 2035 146 ainsi, l'Emope, touts en consentant à l'indipendanae de la

661 2110 2049 135 Belgique, se riservait d'en traer les borns. Du meme coup

672 2181 2049 135 elle <.it à la fois les Bolges et Guillaume. Celaii¬

923 2204 234 68 froissai

672 2267 2054 124 ci potista aussitôt contre le reconnaissance de l'indepen¬

667 2330 2067 121 dance, ceux, là protestérent contre sas, linnitation. Railam

1717 2399 287 72 Repoussait

672 2402 2071 140 lement îl..... le Congrés <....> le 3 jamin 1831 les dit¬

672 2479 2065 129 server émises à propos du Luxembourg <..... dont

667 2548 2054 146 fes habitants avaient pris part à la révolution, mais il re

567 2661 309 82 vendigogait

669 2644 2035 124 <... plus la <.....> la F lendre Lélandaise, qui

667 2724 2056 127 n'y avait pas particupé, en concidérsation de la nécnssité d

672 2801 2068 127 <..... Escant la frontière de l'Etat. la Conférence lui peu¬

667 2878 2054 138 Voye sa note, en l'aclusant d'invoqner le droit des conpuête. Il

667 2950 2073 143 ................. Il était évivent que si elle renun

664 3024 2059 124 tait à ulervenir contre les Belges, elle ne leur pernettrait

672 3107 2071 132 pas de lui dicter leurs volontés. Les intérêts enropéeus dont elle

272 2832 381 159 d'épeper a
