<?xml version="1.0" encoding="UTF-8"?>
<alto xmlns:xsi="http://www.w3.org/2001/XMLSchema-instance"
      xmlns="http://www.loc.gov/standards/alto/ns-v4#"
      xsi:schemaLocation="http://www.loc.gov/standards/alto/ns-v4# http://www.loc.gov/standards/alto/v4/alto-4-2.xsd">
  <Description>
    <MeasurementUnit>pixel</MeasurementUnit>
    <sourceImageInformation>
      <fileName>ARCH-DIV-000496_0027.png</fileName>
      <fileIdentifier>mets//export_doc13_arch_div_000496_alto_202505210805.zip/ARCH-DIV-000496_0027.png</fileIdentifier>
    </sourceImageInformation>
  </Description>
  <Tags>
    <OtherTag ID="BT1" LABEL="Title" DESCRIPTION="block type Title"/><OtherTag ID="BT2" LABEL="Main" DESCRIPTION="block type Main"/><OtherTag ID="BT3" LABEL="Commentary" DESCRIPTION="block type Commentary"/><OtherTag ID="BT4" LABEL="Illustration" DESCRIPTION="block type Illustration"/><OtherTag ID="BT52" LABEL="TitlePageZone" DESCRIPTION="block type TitlePageZone"/><OtherTag ID="BT53" LABEL="CustomZone:Numbering" DESCRIPTION="block type CustomZone:Numbering"/><OtherTag ID="BT54" LABEL="MainZone" DESCRIPTION="block type MainZone"/><OtherTag ID="BT55" LABEL="MarginTextZone" DESCRIPTION="block type MarginTextZone"/><OtherTag ID="BT56" LABEL="NumberingZone" DESCRIPTION="block type NumberingZone"/>
    <OtherTag ID="LT36" LABEL="HeadingLine" DESCRIPTION="line type HeadingLine"/><OtherTag ID="LT37" LABEL="DefaultLine" DESCRIPTION="line type DefaultLine"/><OtherTag ID="LT38" LABEL="InterlinearLine:addition" DESCRIPTION="line type InterlinearLine:addition"/><OtherTag ID="LT39" LABEL="InterlinearLine:correction" DESCRIPTION="line type InterlinearLine:correction"/>
  </Tags>
  <Layout>
    <Page WIDTH="2790"
          HEIGHT="3382"
          PHYSICAL_IMG_NR="23"
          ID="eSc_dummypage_">
      <PrintSpace HPOS="0"
                  VPOS="0"
                  WIDTH="2790"
                  HEIGHT="3382">
        <TextBlock HPOS="188.0"
                   VPOS="69.0"
                   WIDTH="212.0"
                   HEIGHT="143.0"
                   ID="eSc_textblock_61f0beff"
                   TAGREFS="BT56">
          <Shape><Polygon POINTS="188 69 188 212 400 212 400 69"/></Shape>
          <TextLine ID="eSc_line_cb51ad9a"
                    TAGREFS="LT37"
                    BASELINE="238 155 368 152" 
                    HPOS="234"
                    VPOS="56"
                    WIDTH="132"
                    HEIGHT="169">
            <Shape><Polygon POINTS="236 211 324 225 327 225 330 225 366 208 366 149 355 62 284 78 234 56 236 152 236 211"/></Shape>
	    <String CONTENT="23)"
                    HPOS="234"
                    VPOS="56"
                    WIDTH="132"
                    HEIGHT="169"
                    WC="0.9997501969337463"></String>
          </TextLine>
        </TextBlock>
        <TextBlock HPOS="202.0"
                   VPOS="462.0"
                   WIDTH="319.0"
                   HEIGHT="160.0"
                   ID="eSc_textblock_ddd8da69"
                   TAGREFS="BT55">
          <Shape><Polygon POINTS="202 462 202 622 521 600 521 462"/></Shape>
          <TextLine ID="eSc_line_e427f82e"
                    TAGREFS="LT38"
                    BASELINE="266 537 402 541" 
                    HPOS="262"
                    VPOS="476"
                    WIDTH="138"
                    HEIGHT="135">
            <Shape><Polygon POINTS="265 535 262 611 397 589 400 538 400 490 265 476 265 535"/></Shape>
	    <String CONTENT="p.2"
                    HPOS="262"
                    VPOS="476"
                    WIDTH="138"
                    HEIGHT="135"
                    WC="0.9996128877003988"></String>
          </TextLine>
        </TextBlock>
        <TextBlock HPOS="547.0"
                   VPOS="0.0"
                   WIDTH="2199.0"
                   HEIGHT="3382.0"
                   ID="eSc_textblock_70b8db7c"
                   TAGREFS="BT54">
          <Shape><Polygon POINTS="624 0 612 599 547 611 547 613 548 664 622 663 581 2945 569 3382 665 3380 2746 3341 2746 24"/></Shape>
          <TextLine ID="eSc_line_4f55596d"
                    TAGREFS="LT39"
                    BASELINE="708 58 1054 48" 
                    HPOS="702"
                    VPOS="5"
                    WIDTH="350"
                    HEIGHT="68">
            <Shape><Polygon POINTS="705 56 705 73 1052 62 1052 47 1043 5 702 8 705 56"/></Shape>
	    <String CONTENT="Néaumoins"
                    HPOS="702"
                    VPOS="5"
                    WIDTH="350"
                    HEIGHT="68"
                    WC="0.9971330099635654"></String>
          </TextLine>
          <TextLine ID="eSc_line_b3714e08"
                    TAGREFS="LT37"
                    BASELINE="676 118 926 112 2682 118" 
                    HPOS="671"
                    VPOS="53"
                    WIDTH="2008"
                    HEIGHT="102">
            <Shape><Polygon POINTS="671 135 1015 149 1021 149 1057 132 1269 149 1320 132 1447 149 1579 135 1670 152 1732 135 1864 152 1873 152 1898 135 2096 135 2155 152 2166 152 2189 135 2208 152 2217 155 2423 155 2423 152 2459 135 2677 135 2679 115 2677 70 2330 56 2273 70 2237 56 2228 56 2200 67 2194 73 1918 73 1802 56 1636 70 1534 53 1444 70 1306 70 1289 53 1277 53 1232 67 1224 67 1184 53 674 64 674 115"/></Shape>
	    <String CONTENT="&lt;...dant les diplomates avaient pour de cls Belqu qui n&#x27;a¬"
                    HPOS="671"
                    VPOS="53"
                    WIDTH="2008"
                    HEIGHT="102"
                    WC="0.9793163841140682"></String>
          </TextLine>
          <TextLine ID="eSc_line_240d28e4"
                    TAGREFS="LT37"
                    BASELINE="633 202 1180 187 2679 195" 
                    HPOS="631"
                    VPOS="140"
                    WIDTH="2046"
                    HEIGHT="79">
            <Shape><Polygon POINTS="631 200 631 219 2674 214 2677 194 2674 140 631 140 631 200"/></Shape>
	    <String CONTENT="vaient pour de rien. Ne parlaient. ils pas de recevais à coups de"
                    HPOS="631"
                    VPOS="140"
                    WIDTH="2046"
                    HEIGHT="79"
                    WC="0.9773492487994108"></String>
          </TextLine>
          <TextLine ID="eSc_line_d4e25e8f"
                    TAGREFS="LT37"
                    BASELINE="633 268 1013 259 2722 264" 
                    HPOS="631"
                    VPOS="200"
                    WIDTH="2088"
                    HEIGHT="98">
            <Shape><Polygon POINTS="631 267 631 295 939 279 1040 295 1317 281 1371 298 1551 281 1715 298 1926 281 2014 298 2214 281 2287 298 2395 281 2713 290 2719 262 2719 219 2694 202 2682 202 2623 222 2358 222 2304 202 2296 202 2248 219 2214 202 2206 202 2163 219 2033 205 1974 219 1915 202 1904 202 1878 222 1777 222 1777 219 1749 202 1644 202 1602 219 1576 202 1323 217 1215 202 1193 222 1128 222 1103 200 1015 217 863 200 823 217 803 202 789 202 767 219 631 219 631 267"/></Shape>
	    <String CONTENT="furil les troupes de la confidésation germanique si elles entraient"
                    HPOS="631"
                    VPOS="200"
                    WIDTH="2088"
                    HEIGHT="98"
                    WC="0.9807769433775945"></String>
          </TextLine>
          <TextLine ID="eSc_line_1229e6b8"
                    TAGREFS="LT37"
                    BASELINE="631 338 1096 328 2662 334" 
                    HPOS="626"
                    VPOS="270"
                    WIDTH="2034"
                    HEIGHT="96">
            <Shape><Polygon POINTS="629 335 626 349 1032 363 1119 349 1306 366 1368 352 1387 352 1497 366 1551 352 1568 352 1636 366 1698 352 1875 366 2005 352 2067 366 2124 352 2177 366 2657 355 2660 332 2654 276 2536 295 2011 295 1969 273 1850 273 1822 295 1743 295 1718 273 1622 273 1526 293 1455 273 1286 293 1227 273 1069 290 1040 270 851 270 826 293 629 293 629 335"/></Shape>
	    <String CONTENT="dans le Luxembourx? Et s&#x27;ils téraient, ne provoqueraient- is"
                    HPOS="626"
                    VPOS="270"
                    WIDTH="2034"
                    HEIGHT="96"
                    WC="0.9984492192665736"></String>
          </TextLine>
          <TextLine ID="eSc_line_d1d9feb1"
                    TAGREFS="LT37"
                    BASELINE="633 417 1287 403 2667 407" 
                    HPOS="629"
                    VPOS="346"
                    WIDTH="2036"
                    HEIGHT="93">
            <Shape><Polygon POINTS="2152 374 2039 374 2033 369 2028 369 2008 352 1980 355 1952 363 1923 346 1751 346 1627 366 1574 346 1458 346 1418 366 1317 346 1308 346 1286 366 1167 366 1018 346 993 366 665 355 629 369 631 439 744 425 2663 425 2665 405 2660 349 2572 366 2313 352 2273 369 2155 369 2152 374"/></Shape>
	    <String CONTENT="pas aussitot une révolution à Paris et nquerre générale"
                    HPOS="629"
                    VPOS="346"
                    WIDTH="2036"
                    HEIGHT="93"
                    WC="0.9704283592956406"></String>
          </TextLine>
          <TextLine ID="eSc_line_5ae19ab9"
                    TAGREFS="LT39"
                    BASELINE="2037 374 2158 377" 
                    HPOS="2033"
                    VPOS="332"
                    WIDTH="122"
                    HEIGHT="65">
            <Shape><Polygon POINTS="2149 332 2121 332 2093 332 2090 332 2036 332 2036 372 2033 394 2149 397 2155 374 2149 332 2149 332"/></Shape>
	    <String CONTENT="cette"
                    HPOS="2033"
                    VPOS="332"
                    WIDTH="122"
                    HEIGHT="65"
                    WC="0.9071796774864197"></String>
          </TextLine>
          <TextLine ID="eSc_line_0125cf2a"
                    TAGREFS="LT37"
                    BASELINE="629 486 1413 473 2675 479" 
                    HPOS="623"
                    VPOS="417"
                    WIDTH="2051"
                    HEIGHT="98">
            <Shape><Polygon POINTS="626 484 626 515 767 498 846 512 914 498 1040 512 1043 515 1241 515 1241 512 1246 512 1269 498 2158 512 2671 493 2674 476 2671 436 2378 417 2217 436 2197 436 2079 419 2008 436 1907 419 1864 436 1864 439 1723 439 1723 436 1616 419 1607 419 1579 436 1447 419 1413 436 1373 419 1103 419 1080 439 891 439 871 419 789 419 623 439 626 484"/></Shape>
	    <String CONTENT="que l&#x27;on avait déjà tant fait pour eviter ? On avait beau les"
                    HPOS="623"
                    VPOS="417"
                    WIDTH="2051"
                    HEIGHT="98"
                    WC="0.9882077369533602"></String>
          </TextLine>
          <TextLine ID="eSc_line_cbe23da4"
                    TAGREFS="LT37"
                    BASELINE="624 567 1496 554 2716 558" 
                    HPOS="620"
                    VPOS="493"
                    WIDTH="2093"
                    HEIGHT="98">
            <Shape><Polygon POINTS="623 566 623 591 1337 574 1450 589 1571 574 2056 589 2143 572 2189 586 2191 589 2713 589 2711 515 2510 515 2443 493 2434 493 2372 512 2239 493 2214 515 1988 515 1890 496 1712 515 1644 496 1633 496 1610 512 1591 496 1503 496 1433 515 1331 496 1255 521 1131 521 1060 498 978 518 820 498 795 521 705 521 677 501 665 501 620 518 623 566"/></Shape>
	    <String CONTENT="concidérer commele sandale de l&#x27;Europe, railler l&#x27;ignonence"
                    HPOS="620"
                    VPOS="493"
                    WIDTH="2093"
                    HEIGHT="98"
                    WC="0.9878590389833612"></String>
          </TextLine>
          <TextLine ID="eSc_line_bd0bc880"
                    TAGREFS="LT37"
                    BASELINE="569 638 2711 616" 
                    HPOS="564"
                    VPOS="560"
                    WIDTH="2144"
                    HEIGHT="105">
            <Shape><Polygon POINTS="567 636 567 665 2708 639 2708 614 2702 574 2643 560 2640 560 2637 560 2584 574 2578 577 2138 580 2127 577 2079 566 2076 566 2073 566 1986 580 1980 580 1977 580 1940 566 1938 566 1935 566 1932 566 1898 580 1892 583 1853 580 1675 569 1672 569 1670 569 1636 583 1627 586 1517 583 1111 574 1108 574 1105 574 1060 589 1055 589 1046 589 961 577 959 577 956 577 908 589 897 594 564 594 567 636"/></Shape>
	    <String CONTENT="et l&#x27;incapacité, des déliquer qu&#x27;ils venaient pl&#x27;envoyer pour la"
                    HPOS="564"
                    VPOS="560"
                    WIDTH="2144"
                    HEIGHT="105"
                    WC="0.9900193912908435"></String>
          </TextLine>
          <TextLine ID="eSc_line_1ee3b350"
                    TAGREFS="LT37"
                    BASELINE="620 715 2368 683 2709 687" 
                    HPOS="614"
                    VPOS="622"
                    WIDTH="2094"
                    HEIGHT="122">
            <Shape><Polygon POINTS="617 713 617 732 908 744 956 724 1122 724 1165 738 1314 721 1461 735 1461 732 1478 718 1562 732 1754 715 1785 729 1794 729 1859 713 2098 724 2307 707 2389 718 2414 718 2468 701 2705 713 2708 684 2705 639 2555 622 2471 642 2448 642 2364 628 2355 628 2332 642 2254 631 2081 648 2070 648 1994 631 1864 651 1811 634 1576 639 1554 656 1438 642 1413 662 1323 662 1292 642 1277 642 1249 662 1119 645 1091 665 956 648 942 662 902 651 781 670 691 653 614 665 617 713"/></Shape>
	    <String CONTENT="Scconde fois à Londrés, force était bien de lovec leur faire l&#x27;hon¬"
                    HPOS="614"
                    VPOS="622"
                    WIDTH="2094"
                    HEIGHT="122"
                    WC="0.9863618813893374"></String>
          </TextLine>
          <TextLine ID="eSc_line_5f611190"
                    TAGREFS="LT37"
                    BASELINE="629 783 2363 749 2669 753" 
                    HPOS="623"
                    VPOS="696"
                    WIDTH="2045"
                    HEIGHT="107">
            <Shape><Polygon POINTS="626 780 626 803 2668 769 2668 752 2665 707 2160 696 2158 696 2155 696 2152 696 2124 715 2118 715 1980 701 1977 701 1839 721 1833 721 1830 721 1698 704 1695 704 1396 729 1387 729 1382 729 1238 713 1235 713 1232 713 1173 732 1015 718 1012 718 1009 718 1007 718 981 735 922 724 919 724 623 744 626 780"/></Shape>
	    <String CONTENT="neur de parlementer avec eux. Palm erston avait éclaté de rire"
                    HPOS="623"
                    VPOS="696"
                    WIDTH="2045"
                    HEIGHT="107"
                    WC="0.975087238415595"></String>
          </TextLine>
          <TextLine ID="eSc_line_d8442346"
                    TAGREFS="LT37"
                    BASELINE="631 858 1338 836 2635 811" 
                    HPOS="626"
                    VPOS="758"
                    WIDTH="2008"
                    HEIGHT="118">
            <Shape><Polygon POINTS="629 856 629 876 1971 856 2017 842 2138 853 2268 837 2519 845 2634 828 2634 808 2629 772 2411 758 2262 777 2242 777 2138 763 2008 783 1771 772 1743 789 1703 789 1528 777 1464 794 1373 780 1354 797 1269 783 1210 800 1052 789 1038 803 871 791 815 808 798 794 787 794 764 806 747 811 708 797 626 806 629 856"/></Shape>
	    <String CONTENT="tout d&#x27;abord en entendant leurs propositions. B...tia fut"
                    HPOS="626"
                    VPOS="758"
                    WIDTH="2008"
                    HEIGHT="118"
                    WC="0.9711403302979051"></String>
          </TextLine>
          <TextLine ID="eSc_line_c18ecd1c"
                    TAGREFS="LT37"
                    BASELINE="627 924 1816 894 2699 886" 
                    HPOS="623"
                    VPOS="834"
                    WIDTH="2073"
                    HEIGHT="107">
            <Shape><Polygon POINTS="626 921 626 941 1376 941 1376 938 1588 927 1830 915 1926 924 1974 927 1977 927 2036 921 2166 910 2254 918 2276 921 2279 921 2307 918 2434 904 2691 913 2696 884 2688 834 2225 851 2200 845 2177 837 2175 837 2172 837 2129 845 2090 853 1977 848 1828 842 1825 842 1822 842 1782 853 1760 859 1746 853 1723 845 1720 845 1718 845 1579 859 1500 865 1421 862 1249 853 1246 853 1244 853 1215 868 1207 870 1136 868 922 859 919 859 623 879 626 921"/></Shape>
	    <String CONTENT="..té Leustivanté &lt;.s n&#x27;en aboutit pas moins à triompher."
                    HPOS="623"
                    VPOS="834"
                    WIDTH="2073"
                    HEIGHT="107"
                    WC="0.9603780638753322"></String>
          </TextLine>
          <TextLine ID="eSc_line_3b866171"
                    TAGREFS="LT37"
                    BASELINE="627 992 2699 952" 
                    HPOS="623"
                    VPOS="904"
                    WIDTH="2073"
                    HEIGHT="119">
            <Shape><Polygon POINTS="626 989 626 1023 1069 1000 1210 1011 1859 986 2064 994 2121 980 2524 986 2696 966 2696 949 2691 910 2155 904 1926 924 1904 910 1895 910 1802 927 1624 915 1509 932 1433 918 1337 935 1249 921 1210 938 1063 924 770 946 623 935 626 989"/></Shape>
	    <String CONTENT="Sur un point d&#x27;ailleurs ils entendaient raison-&lt;..........ain.te"
                    HPOS="623"
                    VPOS="904"
                    WIDTH="2073"
                    HEIGHT="119"
                    WC="0.9753930382430553"></String>
          </TextLine>
          <TextLine ID="eSc_line_bd91b91b"
                    TAGREFS="LT37"
                    BASELINE="622 1067 2028 1031 2709 1022" 
                    HPOS="617"
                    VPOS="966"
                    WIDTH="2091"
                    HEIGHT="119">
            <Shape><Polygon POINTS="620 1065 620 1085 2708 1042 2708 1020 2699 966 2169 986 1986 983 1692 980 1689 980 1571 994 1528 1000 1509 997 1455 986 1452 986 1362 1000 1328 1006 1300 1003 1215 992 1213 992 1210 992 1150 1006 1142 1008 1136 1008 1100 994 1097 994 1094 994 874 1014 832 1017 820 1017 764 1003 761 1003 617 1020 620 1065"/></Shape>
	    <String CONTENT=".......a.l &lt;............ .... .&gt; ...."
                    HPOS="617"
                    VPOS="966"
                    WIDTH="2091"
                    HEIGHT="119"
                    WC="0.9315785314585712"></String>
          </TextLine>
          <TextLine ID="eSc_line_1c061b38"
                    TAGREFS="LT37"
                    BASELINE="624 1138 2673 1087" 
                    HPOS="620"
                    VPOS="1042"
                    WIDTH="2051"
                    HEIGHT="121">
            <Shape><Polygon POINTS="623 1135 623 1152 829 1163 832 1163 835 1163 880 1149 945 1163 947 1163 950 1163 953 1163 953 1161 970 1147 970 1144 1091 1144 1241 1141 1297 1155 1300 1155 1303 1155 1430 1135 1435 1135 1441 1135 1641 1147 1644 1147 2671 1104 2671 1085 2665 1048 2225 1042 2222 1042 2220 1042 2217 1042 2200 1056 2073 1048 2070 1048 1576 1073 1526 1073 1517 1073 1450 1062 1447 1062 620 1093 623 1135"/></Shape>
	    <String CONTENT="&lt;...t.. .................Ecnt. M.cou.i."
                    HPOS="620"
                    VPOS="1042"
                    WIDTH="2051"
                    HEIGHT="121"
                    WC="0.9239684221072074"></String>
          </TextLine>
          <TextLine ID="eSc_line_08a2d4f3"
                    TAGREFS="LT37"
                    BASELINE="627 1208 2714 1155" 
                    HPOS="623"
                    VPOS="1113"
                    WIDTH="2090"
                    HEIGHT="127">
            <Shape><Polygon POINTS="626 1206 626 1240 956 1217 1218 1225 1227 1225 1229 1225 1232 1225 1289 1209 1351 1223 1354 1223 1356 1223 1385 1223 1864 1197 1935 1209 1940 1209 1943 1209 1949 1209 2067 1189 2341 1197 2344 1197 2603 1175 2711 1189 2713 1152 2705 1113 623 1163 626 1206"/></Shape>
	    <String CONTENT="&lt;uen.... ................. b ..&gt;"
                    HPOS="623"
                    VPOS="1113"
                    WIDTH="2090"
                    HEIGHT="127"
                    WC="0.9775610864162445"></String>
          </TextLine>
          <TextLine ID="eSc_line_339bdb55"
                    TAGREFS="LT37"
                    BASELINE="624 1281 971 1275 1485 1253 2686 1228" 
                    HPOS="620"
                    VPOS="1172"
                    WIDTH="2065"
                    HEIGHT="135">
            <Shape><Polygon POINTS="623 1279 623 1307 2682 1245 2685 1225 2677 1186 2524 1186 2496 1172 2493 1172 2490 1172 2488 1172 2454 1189 2451 1192 2437 1192 1698 1192 1695 1192 1692 1192 1658 1209 1655 1209 1639 1209 1438 1197 1435 1197 1433 1197 1387 1211 1086 1206 1083 1206 1080 1206 1077 1206 1055 1223 1052 1225 945 1225 936 1225 851 1211 849 1211 767 1228 739 1214 736 1214 733 1214 730 1214 727 1214 702 1231 699 1234 620 1234 623 1279"/></Shape>
	    <String CONTENT="rolont d ancide ces démicrates consentaient à abandonner"
                    HPOS="620"
                    VPOS="1172"
                    WIDTH="2065"
                    HEIGHT="135"
                    WC="0.9757705268106962"></String>
          </TextLine>
          <TextLine ID="eSc_line_e5cbfd47"
                    TAGREFS="LT37"
                    BASELINE="633 1358 2732 1300" 
                    HPOS="629"
                    VPOS="1254"
                    WIDTH="2101"
                    HEIGHT="141">
            <Shape><Polygon POINTS="631 1355 631 1395 741 1372 809 1389 860 1369 930 1386 945 1386 1165 1364 1263 1378 1303 1364 1782 1364 1890 1344 2101 1355 2177 1335 2251 1347 2262 1335 2270 1333 2522 1338 2555 1324 2598 1338 2727 1318 2730 1299 2722 1254 629 1307 631 1355"/></Shape>
	    <String CONTENT="la Flandre Zélandaise, qide &lt;................"
                    HPOS="629"
                    VPOS="1254"
                    WIDTH="2101"
                    HEIGHT="141"
                    WC="0.9483441803190443"></String>
          </TextLine>
          <TextLine ID="eSc_line_286ac622"
                    TAGREFS="LT37"
                    BASELINE="624 1429 1199 1420 2209 1375 2667 1364" 
                    HPOS="620"
                    VPOS="1318"
                    WIDTH="2045"
                    HEIGHT="139">
            <Shape><Polygon POINTS="623 1428 623 1457 1215 1448 1246 1431 1275 1445 1461 1440 1624 1417 1774 1428 1929 1409 2011 1420 2025 1403 2076 1417 2087 1417 2115 1400 2293 1409 2389 1389 2541 1400 2663 1378 2665 1361 2660 1321 2293 1318 1780 1347 1373 1366 1294 1355 1060 1364 1043 1378 987 1366 750 1389 620 1380 623 1428"/></Shape>
	    <String CONTENT="&lt;.....t à renoncerainsi à une solide pontière sur"
                    HPOS="620"
                    VPOS="1318"
                    WIDTH="2045"
                    HEIGHT="139"
                    WC="0.9731434384981791"></String>
          </TextLine>
          <TextLine ID="eSc_line_590dd3dc"
                    TAGREFS="LT37"
                    BASELINE="626 1499 1489 1480 2660 1431" 
                    HPOS="620"
                    VPOS="1380"
                    WIDTH="2037"
                    HEIGHT="147">
            <Shape><Polygon POINTS="623 1496 623 1527 2657 1462 2657 1428 2651 1392 2533 1380 2451 1400 2349 1386 2310 1406 2084 1395 1946 1417 1861 1403 1825 1423 1664 1409 1585 1434 1472 1434 1450 1417 1441 1417 1342 1440 1215 1431 1046 1448 947 1434 857 1457 767 1442 620 1451 623 1496"/></Shape>
	    <String CONTENT="l&#x27;Escant. Ils ne le montraient mébranlables que dans leur"
                    HPOS="620"
                    VPOS="1380"
                    WIDTH="2037"
                    HEIGHT="147"
                    WC="0.9984283499550402"></String>
          </TextLine>
          <TextLine ID="eSc_line_3951e024"
                    TAGREFS="LT37"
                    BASELINE="624 1570 1789 1546 2308 1518 2705 1508" 
                    HPOS="620"
                    VPOS="1462"
                    WIDTH="2082"
                    HEIGHT="138">
            <Shape><Polygon POINTS="623 1569 623 1586 685 1600 1035 1578 1150 1592 1689 1561 1712 1575 1994 1569 2163 1547 2166 1544 2352 1541 2395 1558 2406 1558 2431 1535 2702 1530 2702 1507 2696 1465 2338 1462 2166 1488 2107 1468 1844 1496 1788 1476 1701 1479 1675 1502 1619 1488 1464 1507 1311 1493 1145 1516 976 1504 882 1521 866 1507 851 1507 823 1524 691 1507 620 1530 623 1569"/></Shape>
	    <String CONTENT="résolution de ne pas se séjarer des Lientousgiois et des Lux ambor¬"
                    HPOS="620"
                    VPOS="1462"
                    WIDTH="2082"
                    HEIGHT="138"
                    WC="0.9563160494192323"></String>
          </TextLine>
          <TextLine ID="eSc_line_91fb23ee"
                    TAGREFS="LT37"
                    BASELINE="635 1653 1284 1627 1868 1621 2402 1593 2667 1589" 
                    HPOS="631"
                    VPOS="1530"
                    WIDTH="2034"
                    HEIGHT="163">
            <Shape><Polygon POINTS="634 1651 634 1693 688 1693 688 1690 693 1690 722 1668 795 1688 809 1688 899 1659 1055 1659 1105 1676 1114 1676 1159 1651 1328 1648 1472 1665 1512 1643 1670 1657 1678 1657 1695 1643 1751 1657 1763 1657 2062 1631 2268 1640 2301 1617 2454 1612 2524 1631 2541 1631 2609 1614 2660 1626 2665 1586 2660 1550 2538 1530 2364 1558 2203 1541 2160 1564 2093 1550 1969 1569 1901 1552 1890 1552 1890 1555 1867 1575 1670 1581 1602 1564 1591 1564 1560 1583 1526 1564 1520 1564 1320 1589 1232 1572 1196 1595 1148 1581 1136 1581 1114 1597 973 1581 939 1603 787 1595 631 1614 634 1651"/></Shape>
	    <String CONTENT="grois qui s&#x27;étaient sonlivir avec eux. Ils finisent pourtant par"
                    HPOS="631"
                    VPOS="1530"
                    WIDTH="2034"
                    HEIGHT="163"
                    WC="0.996199231594801"></String>
          </TextLine>
          <TextLine ID="eSc_line_5cce65c9"
                    TAGREFS="LT37"
                    BASELINE="629 1726 1660 1706 2413 1675 2673 1675" 
                    HPOS="623"
                    VPOS="1617"
                    WIDTH="2048"
                    HEIGHT="138">
            <Shape><Polygon POINTS="626 1724 626 1744 837 1755 953 1738 1173 1747 1173 1744 1187 1733 1390 1741 2668 1693 2671 1674 2663 1617 2592 1640 2375 1623 2259 1645 2118 1631 2036 1654 1940 1637 1684 1662 1647 1643 1639 1643 1596 1665 1461 1651 1416 1671 1207 1674 1193 1668 1179 1657 1009 1659 1009 1662 987 1682 891 1682 843 1662 835 1662 792 1679 733 1665 722 1665 682 1688 623 1688 626 1724"/></Shape>
	    <String CONTENT="admettre, le 26 jiens, après des discussions infinies, ni anomo¬"
                    HPOS="623"
                    VPOS="1617"
                    WIDTH="2048"
                    HEIGHT="138"
                    WC="0.9935075826942921"></String>
          </TextLine>
          <TextLine ID="eSc_line_e1353e49"
                    TAGREFS="LT37"
                    BASELINE="627 1809 2665 1743" 
                    HPOS="623"
                    VPOS="1688"
                    WIDTH="2040"
                    HEIGHT="146">
            <Shape><Polygon POINTS="626 1806 626 1829 1069 1834 1094 1812 1244 1806 1421 1823 1712 1792 1952 1806 2031 1803 2031 1800 2053 1781 2143 1792 2332 1778 2361 1792 2369 1792 2423 1769 2471 1781 2663 1761 2663 1741 2654 1688 1506 1738 1444 1724 1433 1724 1413 1744 1328 1744 1286 1730 1277 1730 1241 1747 1086 1736 930 1755 894 1741 795 1761 710 1747 623 1764 626 1806"/></Shape>
	    <String CONTENT="dement qui fut mis en forme en un projet de traité dit des I8"
                    HPOS="623"
                    VPOS="1688"
                    WIDTH="2040"
                    HEIGHT="146"
                    WC="0.9797344432502496"></String>
          </TextLine>
          <TextLine ID="eSc_line_923b5c0f"
                    TAGREFS="LT37"
                    BASELINE="624 1886 2357 1833 2724 1833" 
                    HPOS="620"
                    VPOS="1772"
                    WIDTH="2102"
                    HEIGHT="141">
            <Shape><Polygon POINTS="623 1885 623 1905 894 1913 897 1913 899 1913 902 1913 902 1910 914 1899 919 1896 1007 1896 1021 1896 1097 1910 1100 1910 1213 1893 1289 1882 1331 1891 1382 1902 1385 1902 1387 1902 1390 1902 1407 1888 1427 1879 1543 1885 1667 1893 1670 1893 1732 1882 1782 1871 1923 1868 1949 1877 1960 1882 1963 1882 1966 1882 1969 1882 1986 1877 2022 1862 2050 1877 2059 1879 2062 1879 2064 1879 2067 1879 2087 1874 2146 1860 2366 1865 2369 1865 2530 1846 2719 1860 2722 1831 2716 1772 620 1831 623 1885"/></Shape>
	    <String CONTENT="articles. Il stipulait qu&#x27;une négociation spéciale entre le Bel¬"
                    HPOS="620"
                    VPOS="1772"
                    WIDTH="2102"
                    HEIGHT="141"
                    WC="0.9872178370133042"></String>
          </TextLine>
          <TextLine ID="eSc_line_e7f9cf11"
                    TAGREFS="LT37"
                    BASELINE="642 1961 2667 1907" 
                    HPOS="637"
                    VPOS="1848"
                    WIDTH="2028"
                    HEIGHT="150">
            <Shape><Polygon POINTS="640 1958 640 1998 744 1998 744 1995 750 1995 775 1975 806 1986 818 1986 835 1972 959 1989 1080 1964 1244 1975 1306 1958 1351 1978 1359 1978 1399 1958 1495 1975 1534 1955 1619 1970 1667 1950 1780 1961 1799 1944 2050 1939 2186 1955 2225 1936 2347 1953 2451 1927 2665 1927 2665 1905 2663 1865 2634 1848 2448 1851 2338 1874 2245 1862 1763 1888 1734 1871 1720 1871 1695 1891 1557 1879 1472 1896 1421 1879 1413 1879 1376 1899 1283 1888 1229 1902 1196 1885 1187 1885 1119 1905 1060 1888 945 1910 933 1910 851 1893 637 1916 640 1958"/></Shape>
	    <String CONTENT="gique, la Gollande et la Confidération armaniique riglerait la"
                    HPOS="637"
                    VPOS="1848"
                    WIDTH="2028"
                    HEIGHT="150"
                    WC="0.9739826436965696"></String>
          </TextLine>
          <TextLine ID="eSc_line_5e89b2da"
                    TAGREFS="LT37"
                    BASELINE="627 2038 2088 2006 2319 1993 2671 1989" 
                    HPOS="623"
                    VPOS="1927"
                    WIDTH="2045"
                    HEIGHT="150">
            <Shape><Polygon POINTS="626 2037 626 2077 775 2054 981 2071 1069 2051 1148 2065 1167 2048 1458 2060 1483 2043 1551 2051 1658 2032 1794 2048 1833 2029 1988 2029 2070 2046 2310 2015 2440 2037 2468 2015 2668 2006 2668 1986 2663 1950 2550 1927 2479 1944 2389 1933 2364 1955 2186 1939 2112 1964 1974 1964 1952 1947 1938 1947 1912 1967 1842 1944 1703 1947 1655 1970 1582 1950 1497 1953 1447 1978 1300 1961 1159 1984 1108 1961 1100 1961 1038 1989 899 1989 846 1970 837 1970 784 1992 784 1995 623 1995 626 2037"/></Shape>
	    <String CONTENT="question du Leexntoueg. Pour le Limbourg, il serait fait un"
                    HPOS="623"
                    VPOS="1927"
                    WIDTH="2045"
                    HEIGHT="150"
                    WC="0.9773671697762053"></String>
          </TextLine>
          <TextLine ID="eSc_line_887a6154"
                    TAGREFS="LT37"
                    BASELINE="626 2119 1742 2106 2289 2081 2675 2074" 
                    HPOS="620"
                    VPOS="2029"
                    WIDTH="2054"
                    HEIGHT="121">
            <Shape><Polygon POINTS="623 2116 623 2133 888 2150 950 2130 993 2144 1105 2127 1241 2141 1249 2141 1269 2127 1376 2141 1444 2122 1497 2139 1734 2136 1782 2119 2070 2130 2124 2105 2409 2102 2448 2108 2510 2108 2516 2116 2547 2122 2674 2096 2674 2071 2668 2040 2237 2029 2143 2048 2127 2054 2053 2054 2025 2037 2014 2037 1980 2054 1957 2034 1890 2034 1658 2060 1633 2040 1622 2040 1565 2063 1447 2043 1441 2043 1399 2065 1294 2046 1204 2068 1193 2068 1088 2048 995 2071 620 2077 623 2116"/></Shape>
	    <String CONTENT="arrangement convenable, grâce à l&#x27;échange des enelaves que"
                    HPOS="620"
                    VPOS="2029"
                    WIDTH="2054"
                    HEIGHT="121"
                    WC="0.9889418189808473"></String>
          </TextLine>
          <TextLine ID="eSc_line_ff56b107"
                    TAGREFS="LT39"
                    BASELINE="2186 2123 2511 2112" 
                    HPOS="2180"
                    VPOS="2077"
                    WIDTH="330"
                    HEIGHT="70">
            <Shape><Polygon POINTS="2183 2122 2183 2147 2510 2130 2510 2110 2502 2077 2180 2088 2183 2122"/></Shape>
	    <String CONTENT="ossédai gt"
                    HPOS="2180"
                    VPOS="2077"
                    WIDTH="330"
                    HEIGHT="70"
                    WC="0.9968049466609955"></String>
          </TextLine>
          <TextLine ID="eSc_line_52d95016"
                    TAGREFS="LT37"
                    BASELINE="624 2203 1806 2183 2506 2153 2699 2156" 
                    HPOS="620"
                    VPOS="2102"
                    WIDTH="2076"
                    HEIGHT="130">
            <Shape><Polygon POINTS="2510 2110 2426 2116 2276 2119 2256 2122 1960 2133 1926 2116 1915 2116 1890 2133 1805 2122 1706 2139 1672 2127 1636 2119 1588 2144 1534 2144 1509 2122 1354 2125 1201 2150 1035 2133 959 2156 933 2147 888 2139 843 2158 744 2139 620 2156 623 2218 665 2232 1244 2206 1300 2206 1475 2215 2129 2187 2160 2195 2189 2198 2194 2192 2214 2184 2694 2184 2696 2153 2691 2102 2510 2110"/></Shape>
	    <String CONTENT="les Provinces. Unies et les Pays. Bas Antrichiens &lt;...."
                    HPOS="620"
                    VPOS="2102"
                    WIDTH="2076"
                    HEIGHT="130"
                    WC="0.966254122690721"></String>
          </TextLine>
          <TextLine ID="eSc_line_6677bc9c"
                    TAGREFS="LT37"
                    BASELINE="620 2294 2271 2228 2656 2220" 
                    HPOS="614"
                    VPOS="2161"
                    WIDTH="2040"
                    HEIGHT="164">
            <Shape><Polygon POINTS="617 2291 617 2322 696 2308 812 2325 888 2302 976 2319 1134 2313 1150 2296 1325 2296 1354 2282 1413 2296 1514 2277 1543 2294 1689 2294 1689 2291 1907 2263 1946 2280 2090 2277 2163 2249 2304 2246 2338 2265 2459 2263 2485 2243 2651 2232 2654 2218 2648 2172 2479 2164 2400 2181 2347 2161 2338 2161 2256 2189 2002 2195 1974 2178 1963 2178 1890 2201 1816 2187 1732 2203 1630 2195 1596 2212 1557 2192 1545 2192 1517 2218 1450 2218 1300 2201 1227 2226 1080 2209 961 2232 911 2218 798 2220 798 2223 781 2237 614 2229 617 2291"/></Shape>
	    <String CONTENT="à la fin du XIIIIe siecle sur les territoires du pays voisinf. Quent"
                    HPOS="614"
                    VPOS="2161"
                    WIDTH="2040"
                    HEIGHT="164"
                    WC="0.9950799924739893"></String>
          </TextLine>
          <TextLine ID="eSc_line_7032a7fc"
                    TAGREFS="LT37"
                    BASELINE="616 2363 2130 2309 2707 2297" 
                    HPOS="612"
                    VPOS="2237"
                    WIDTH="2093"
                    HEIGHT="161">
            <Shape><Polygon POINTS="614 2361 614 2381 677 2398 789 2375 860 2389 1015 2370 1207 2381 1382 2358 1469 2370 1486 2353 1661 2347 1720 2361 1732 2361 1763 2342 1884 2339 1954 2353 2135 2330 2214 2347 2330 2327 2445 2339 2471 2339 2609 2316 2702 2330 2705 2296 2696 2251 2567 2254 2527 2237 2519 2237 2434 2260 2194 2249 2011 2274 1994 2274 1954 2260 1946 2260 1898 2277 1875 2260 1675 2280 1596 2268 1574 2288 1339 2277 1303 2296 1275 2280 1261 2280 1241 2299 1150 2285 1119 2305 964 2308 744 2296 716 2319 612 2319 614 2361"/></Shape>
	    <String CONTENT="&lt;....&gt; à la liquidation des dettes de l&#x27;ancien Royaume, chamme"
                    HPOS="612"
                    VPOS="2237"
                    WIDTH="2093"
                    HEIGHT="161"
                    WC="0.98111825708359"></String>
          </TextLine>
          <TextLine ID="eSc_line_595d3087"
                    TAGREFS="LT37"
                    BASELINE="611 2435 1979 2393 2682 2361" 
                    HPOS="606"
                    VPOS="2308"
                    WIDTH="2073"
                    HEIGHT="149">
            <Shape><Polygon POINTS="609 2432 609 2451 772 2457 778 2454 798 2454 815 2440 973 2440 1009 2454 1331 2426 1356 2443 1365 2443 1495 2423 1543 2437 1833 2415 1983 2423 2022 2404 2222 2415 2330 2389 2679 2378 2679 2358 2671 2308 2536 2330 2448 2313 2268 2339 2062 2327 1918 2350 1859 2333 1847 2333 1842 2342 1828 2353 1720 2344 1664 2358 1591 2342 1503 2364 1334 2350 1159 2375 902 2364 826 2384 651 2373 606 2387 609 2432"/></Shape>
	    <String CONTENT="de ses parties prendrait à sa chargde celles qu&#x27;il supportait asant"
                    HPOS="606"
                    VPOS="2308"
                    WIDTH="2073"
                    HEIGHT="149"
                    WC="0.9838667047374389"></String>
          </TextLine>
          <TextLine ID="eSc_line_766f3ffd"
                    TAGREFS="LT37"
                    BASELINE="612 2508 1035 2489 2034 2465 2498 2436 2679 2438" 
                    HPOS="606"
                    VPOS="2384"
                    WIDTH="2071"
                    HEIGHT="158">
            <Shape><Polygon POINTS="916 2460 606 2457 609 2528 699 2542 767 2525 789 2516 905 2516 964 2533 1145 2508 1500 2516 1653 2494 1988 2499 2053 2482 2129 2497 2194 2477 2307 2491 2355 2471 2423 2485 2488 2466 2677 2466 2677 2437 2674 2401 2569 2384 2395 2406 2254 2395 2194 2418 1780 2418 1647 2435 1624 2418 1613 2418 1548 2435 1503 2418 1495 2418 1430 2440 1362 2423 1354 2423 1306 2440 1150 2429 1119 2451 990 2435 959 2457 916 2457 916 2460"/></Shape>
	    <String CONTENT="&lt;..&gt; ; le reste seait réparti suivant une juste propostion."
                    HPOS="606"
                    VPOS="2384"
                    WIDTH="2071"
                    HEIGHT="158"
                    WC="0.9662390462422775"></String>
          </TextLine>
          <TextLine ID="eSc_line_24d9148d"
                    TAGREFS="LT39"
                    BASELINE="784 2460 924 2458" 
                    HPOS="781"
                    VPOS="2423"
                    WIDTH="141"
                    HEIGHT="62">
            <Shape><Polygon POINTS="894 2426 866 2426 837 2426 809 2426 781 2429 781 2457 781 2485 922 2477 922 2457 922 2423 894 2426"/></Shape>
	    <String CONTENT="1885"
                    HPOS="781"
                    VPOS="2423"
                    WIDTH="141"
                    HEIGHT="62"
                    WC="0.9999979138374329"></String>
          </TextLine>
          <TextLine ID="eSc_line_ac44f9a6"
                    TAGREFS="LT37"
                    BASELINE="612 2587 2451 2528 2677 2528" 
                    HPOS="606"
                    VPOS="2466"
                    WIDTH="2068"
                    HEIGHT="143">
            <Shape><Polygon POINTS="609 2584 609 2601 961 2609 1057 2606 1074 2590 1128 2604 1438 2575 1715 2570 1763 2584 2671 2542 2674 2525 2668 2480 2538 2482 2471 2466 2186 2494 2022 2480 2005 2494 1994 2499 1850 2485 1746 2508 1314 2502 1224 2525 1131 2513 1108 2513 1083 2528 1038 2516 1024 2516 1007 2533 784 2539 606 2528 609 2584"/></Shape>
	    <String CONTENT="Le même jour à neufteures du soir Léopold acceptait la cou¬"
                    HPOS="606"
                    VPOS="2466"
                    WIDTH="2068"
                    HEIGHT="143"
                    WC="0.9885127057631811"></String>
          </TextLine>
          <TextLine ID="eSc_line_46497e56"
                    TAGREFS="LT37"
                    BASELINE="605 2666 2647 2600" 
                    HPOS="600"
                    VPOS="2542"
                    WIDTH="2046"
                    HEIGHT="152">
            <Shape><Polygon POINTS="603 2663 603 2694 928 2671 1210 2680 1238 2657 1311 2657 1506 2666 1576 2649 1630 2666 1780 2646 1935 2657 1997 2640 2028 2635 2200 2649 2321 2626 2372 2637 2643 2615 2646 2598 2640 2553 2564 2542 2496 2559 2428 2542 2239 2567 2112 2553 2079 2570 1799 2561 1554 2570 1526 2590 1351 2575 1263 2601 1134 2601 1117 2592 1088 2584 905 2609 600 2609 603 2663"/></Shape>
	    <String CONTENT="ronne de Belgique devant la députation du Congrès, à condi¬"
                    HPOS="600"
                    VPOS="2542"
                    WIDTH="2046"
                    HEIGHT="152"
                    WC="0.9983224689960479"></String>
          </TextLine>
          <TextLine ID="eSc_line_e648aae4"
                    TAGREFS="LT37"
                    BASELINE="599 2750 2276 2683 2645 2679" 
                    HPOS="595"
                    VPOS="2621"
                    WIDTH="2048"
                    HEIGHT="146">
            <Shape><Polygon POINTS="598 2747 598 2767 2643 2697 2643 2677 2634 2629 2316 2637 2273 2621 2265 2621 2228 2640 2008 2632 1957 2652 1929 2635 1918 2635 1842 2657 1729 2640 1701 2663 1633 2643 1543 2660 1334 2654 1263 2680 973 2668 894 2694 835 2680 823 2680 798 2699 699 2699 646 2683 637 2683 595 2702 598 2747"/></Shape>
	    <String CONTENT="tion que celui-ciratifiât le &lt;apte.u..............."
                    HPOS="595"
                    VPOS="2621"
                    WIDTH="2048"
                    HEIGHT="146"
                    WC="0.9640761964461383"></String>
          </TextLine>
          <TextLine ID="eSc_line_4919a961"
                    TAGREFS="LT37"
                    BASELINE="612 2831 1932 2767 2429 2750 2682 2752" 
                    HPOS="606"
                    VPOS="2680"
                    WIDTH="2073"
                    HEIGHT="172">
            <Shape><Polygon POINTS="2606 2680 2581 2680 2522 2702 2465 2691 2403 2708 1909 2708 1853 2730 1847 2736 1757 2736 1661 2719 1543 2747 1444 2736 1272 2759 1221 2742 1103 2745 1066 2764 981 2750 914 2773 860 2756 851 2756 806 2781 606 2790 609 2852 976 2852 1111 2829 1294 2838 1356 2818 1410 2832 1421 2832 1441 2815 1591 2823 1712 2804 1819 2812 1915 2792 2285 2792 2310 2776 2679 2776 2674 2691 2606 2680"/></Shape>
	    <String CONTENT="noicuten...... conventiorn élaborée après tant d&#x27;éf¬"
                    HPOS="606"
                    VPOS="2680"
                    WIDTH="2073"
                    HEIGHT="172"
                    WC="0.9745043378609878"></String>
          </TextLine>
          <TextLine ID="eSc_line_9e2fdae4"
                    TAGREFS="LT37"
                    BASELINE="616 2908 812 2902" 
                    HPOS="612"
                    VPOS="2838"
                    WIDTH="197"
                    HEIGHT="101">
            <Shape><Polygon POINTS="614 2905 614 2939 809 2925 809 2900 803 2849 747 2838 744 2838 741 2838 685 2854 668 2840 665 2840 662 2840 660 2840 657 2840 612 2857 614 2905"/></Shape>
	    <String CONTENT="forts."
                    HPOS="612"
                    VPOS="2838"
                    WIDTH="197"
                    HEIGHT="101"
                    WC="0.9994597534338633"></String>
          </TextLine>
          <TextLine ID="eSc_line_800f049b"
                    TAGREFS="LT37"
                    BASELINE="609 2976 1701 2944 2325 2910 2707 2904" 
                    HPOS="603"
                    VPOS="2846"
                    WIDTH="2102"
                    HEIGHT="161">
            <Shape><Polygon POINTS="606 2973 606 2990 778 3007 812 2990 1286 2990 1376 2973 1627 2978 1805 2956 1954 2967 1980 2947 2110 2962 2259 2939 2310 2956 2705 2925 2705 2902 2699 2866 2617 2846 2392 2871 2053 2863 1969 2880 1904 2869 1875 2891 1816 2874 1720 2897 1472 2883 1376 2908 1365 2908 1286 2888 1139 2914 1052 2902 959 2919 945 2925 603 2931 606 2973"/></Shape>
	    <String CONTENT="..p......ell, cepaudant..l.y &lt;........&gt;"
                    HPOS="603"
                    VPOS="2846"
                    WIDTH="2102"
                    HEIGHT="161"
                    WC="0.8820781188133435"></String>
          </TextLine>
          <TextLine ID="eSc_line_f334b1ea"
                    TAGREFS="LT37"
                    BASELINE="601 3051 1193 3036 2432 2974 2709 2968" 
                    HPOS="598"
                    VPOS="2908"
                    WIDTH="2110"
                    HEIGHT="166">
            <Shape><Polygon POINTS="600 3049 600 3074 2321 3018 2516 2990 2705 2998 2708 2967 2699 2916 2615 2928 2578 2908 2569 2908 2524 2931 2440 2916 2310 2942 2268 2922 2262 2922 2186 2925 2039 2953 1949 2939 1926 2956 1887 2939 1875 2939 1839 2962 1718 2956 1486 2978 1356 2962 1283 2987 1238 2970 1227 2970 1213 2987 1038 2993 1009 2978 998 2978 970 3001 598 2995 600 3049"/></Shape>
	    <String CONTENT="d.........te.. ........... ....."
                    HPOS="598"
                    VPOS="2908"
                    WIDTH="2110"
                    HEIGHT="166"
                    WC="0.8971837945282459"></String>
          </TextLine>
          <TextLine ID="eSc_line_ba08bbaa"
                    TAGREFS="LT37"
                    BASELINE="603 3117 1366 3087" 
                    HPOS="598"
                    VPOS="3038"
                    WIDTH="767"
                    HEIGHT="95">
            <Shape><Polygon POINTS="600 3114 600 3133 1365 3114 1365 3086 1359 3049 1210 3038 1207 3038 1128 3055 832 3052 829 3052 598 3074 600 3114"/></Shape>
	    <String CONTENT="....... .. ..&gt;"
                    HPOS="598"
                    VPOS="3038"
                    WIDTH="767"
                    HEIGHT="95"
                    WC="0.9585315329687936"></String>
          </TextLine>
          <TextLine ID="eSc_line_66b4c5ae"
                    TAGREFS="LT37"
                    BASELINE="609 3201 2006 3133 2502 3098 2724 3094" 
                    HPOS="600"
                    VPOS="3026"
                    WIDTH="2122"
                    HEIGHT="195">
            <Shape><Polygon POINTS="606 3198 606 3221 832 3207 868 3218 880 3218 880 3215 894 3204 1004 3212 1021 3195 1111 3207 1229 3187 1334 3195 1404 3176 1765 3176 1765 3173 1918 3150 1994 3162 2014 3162 2129 3139 2160 3153 2169 3153 2299 3148 2355 3128 2572 3133 2592 3117 2719 3125 2722 3091 2711 3026 2646 3057 2584 3057 2533 3035 2471 3038 2431 3063 2096 3057 2028 3086 1994 3074 1537 3108 1483 3088 1469 3088 1447 3114 1404 3097 1396 3097 1328 3117 1269 3100 1252 3100 1224 3125 1159 3111 1015 3136 936 3117 919 3117 888 3142 781 3125 600 3133 606 3198"/></Shape>
	    <String CONTENT="A Buuxelles, sapondant, les comsions de clelègués sonlevisent"
                    HPOS="600"
                    VPOS="3026"
                    WIDTH="2122"
                    HEIGHT="195"
                    WC="0.9738925021202838"></String>
          </TextLine>
          <TextLine ID="eSc_line_195d59af"
                    TAGREFS="LT37"
                    BASELINE="586 3276 1530 3246 2336 3203 2632 3195" 
                    HPOS="581"
                    VPOS="3148"
                    WIDTH="2048"
                    HEIGHT="166">
            <Shape><Polygon POINTS="583 3274 583 3314 688 3291 820 3303 885 3283 1100 3291 1170 3272 1204 3288 1311 3269 1537 3274 1712 3246 1929 3243 1974 3257 2220 3229 2465 3238 2629 3215 2629 3193 2623 3150 2251 3148 2214 3164 2141 3153 2110 3176 1957 3179 1856 3164 1833 3184 1647 3179 1568 3195 1551 3195 1486 3179 1402 3198 1345 3184 1213 3210 1204 3210 1145 3193 1134 3193 1111 3212 973 3201 905 3221 787 3207 787 3210 764 3226 660 3218 581 3235 583 3274"/></Shape>
	    <String CONTENT="une demière tempête. Il put sembles ren ien tant que"
                    HPOS="581"
                    VPOS="3148"
                    WIDTH="2048"
                    HEIGHT="166"
                    WC="0.9924334012545072"></String>
          </TextLine>
          <TextLine ID="eSc_line_b6a45944"
                    TAGREFS="LT37"
                    BASELINE="590 3348 1917 3306 2477 3280 2682 3282" 
                    HPOS="586"
                    VPOS="3221"
                    WIDTH="2093"
                    HEIGHT="158">
            <Shape><Polygon POINTS="589 3345 589 3379 598 3379 629 3367 668 3379 691 3379 953 3356 1007 3367 1373 3356 1393 3342 1861 3342 1861 3339 1915 3322 2175 3331 2175 3328 2191 3314 2327 3325 2369 3308 2679 3308 2679 3280 2674 3221 2575 3238 2538 3224 2530 3224 2476 3241 2347 3232 2299 3232 2245 3255 2146 3241 2098 3238 2073 3260 2025 3246 1994 3241 1907 3266 1760 3249 1726 3274 1289 3288 1179 3288 1139 3269 1131 3269 1077 3291 1015 3274 1004 3274 976 3294 914 3277 849 3277 826 3297 725 3283 677 3300 643 3286 634 3286 586 3303 589 3345"/></Shape>
	    <String CONTENT="tont allait être remio en question. Sur le point d&#x27;aboutis,"
                    HPOS="586"
                    VPOS="3221"
                    WIDTH="2093"
                    HEIGHT="158"
                    WC="0.988725861250344"></String>
          </TextLine>
        </TextBlock>
        <TextBlock HPOS="28.0"
                   VPOS="1461.0"
                   WIDTH="573.0"
                   HEIGHT="718.0"
                   ID="eSc_textblock_d179ebdf"
                   TAGREFS="BT55">
          <Shape><Polygon POINTS="28 1461 42 2179 590 2171 601 1463"/></Shape>
          <TextLine ID="eSc_line_9901eae1"
                    TAGREFS="LT38"
                    BASELINE="71 1674 570 1508" 
                    HPOS="53"
                    VPOS="1459"
                    WIDTH="522"
                    HEIGHT="237">
            <Shape><Polygon POINTS="70 1671 78 1696 454 1592 575 1533 569 1507 552 1459 488 1462 485 1462 400 1507 397 1510 296 1519 293 1519 290 1519 234 1561 203 1552 200 1552 197 1552 194 1552 191 1552 191 1555 189 1555 174 1581 135 1572 132 1572 129 1572 126 1572 53 1617 70 1671"/></Shape>
	    <String CONTENT="Luienn du infive"
                    HPOS="53"
                    VPOS="1459"
                    WIDTH="522"
                    HEIGHT="237"
                    WC="0.9098913595080376"></String>
          </TextLine>
          <TextLine ID="eSc_line_3eddb4d6"
                    TAGREFS="LT38"
                    BASELINE="64 1756 596 1584" 
                    HPOS="45"
                    VPOS="1544"
                    WIDTH="555"
                    HEIGHT="231">
            <Shape><Polygon POINTS="62 1755 67 1775 600 1603 595 1583 578 1544 45 1707 62 1755"/></Shape>
	    <String CONTENT="2 l&#x27;espeduent dleo."
                    HPOS="45"
                    VPOS="1544"
                    WIDTH="555"
                    HEIGHT="231"
                    WC="0.9115756342285558"></String>
          </TextLine>
          <TextLine ID="eSc_line_47dbc2e0"
                    TAGREFS="LT38"
                    BASELINE="54 1816 501 1663" 
                    HPOS="33"
                    VPOS="1620"
                    WIDTH="474"
                    HEIGHT="234">
            <Shape><Polygon POINTS="465 1626 437 1631 383 1659 358 1659 358 1662 330 1671 304 1679 284 1682 282 1693 169 1733 33 1761 53 1815 64 1854 507 1693 499 1662 479 1620 465 1626"/></Shape>
	    <String CONTENT="ois de noltas"
                    HPOS="33"
                    VPOS="1620"
                    WIDTH="474"
                    HEIGHT="234"
                    WC="0.8942012649316055"></String>
          </TextLine>
          <TextLine ID="eSc_line_c6a6810d"
                    TAGREFS="LT38"
                    BASELINE="66 1886 571 1718" 
                    HPOS="47"
                    VPOS="1659"
                    WIDTH="536"
                    HEIGHT="260">
            <Shape><Polygon POINTS="64 1885 76 1919 256 1860 267 1862 293 1871 296 1871 299 1871 301 1871 583 1764 569 1716 547 1659 47 1837 64 1885"/></Shape>
	    <String CONTENT="delane ox p. 185 sq"
                    HPOS="47"
                    VPOS="1659"
                    WIDTH="536"
                    HEIGHT="260"
                    WC="0.937321590749841"></String>
          </TextLine>
          <TextLine ID="eSc_line_53cf61eb"
                    TAGREFS="LT38"
                    BASELINE="52 2068 503 2040" 
                    HPOS="45"
                    VPOS="1924"
                    WIDTH="459"
                    HEIGHT="251">
            <Shape><Polygon POINTS="56 2175 126 2175 129 2175 143 2170 189 2147 231 2158 265 2167 267 2167 270 2167 273 2167 363 2141 369 2141 372 2141 420 2156 423 2156 425 2156 428 2156 504 2125 502 2037 488 1924 380 1930 378 1930 375 1930 375 1933 372 1933 327 1981 245 2003 152 2006 45 1961 50 2065 56 2175"/></Shape>
	    <String CONTENT="articn."
                    HPOS="45"
                    VPOS="1924"
                    WIDTH="459"
                    HEIGHT="251"
                    WC="0.932146395955767"></String>
          </TextLine>
        </TextBlock>
      </PrintSpace>
    </Page>
  </Layout>
</alto>
