2790 3369
221 78 110 104 22)

989 2 87 70 21

604 36 2053 101 obtint la 4y mai, l'envoi à Bruyelles d'un nouv san protorola

626 109 2096 109 lassant ........""promettant d'entamer avec le roi des Pays¬

623 185 2077 104 Bas une négociation dont le tut sera d'assmer, s'il est possi¬

623 266 2091 110 ble à la Bilgique, moyennant de justes compensations, la pos¬

2185 328 253 62 revénait

612 348 2116 109 session du Luxembourg" Ainsi, la Conférence <......

632 423 2025 118 sus les arrangement urévocables, comme Josept II, en 1789

623 491 2057 132 chait reviu sur ses apréalables indispensables . C-'était

618 578 2079 115 un succès pour le congrés. Il ne l'accueillit que pas une ex¬

626 642 1964 138 plosion de fureur. Plutôt la guerse que consentis à cedece

634 713 2029 140 Daol.............. ...........  pi

618 791 2073 155 mme d. ......... ls Relqs qui capiluler devant la Gol¬

615 861 2059 160 lande. Papes le Luxembourg et rénomes au Lurbaurg, dont

924 898 230 67 Achatez

615 937 2099 155 les habitants avaient partiupé avec enthousianme à la Rivulu

612 1013 2057 154 tion, c'était acceptes de vendre des fières et ..... .......>

612 1089 2037 157 <........... fouler aux pieds les droits sacres

612 1151 2096 171 du peuple. D........t Voila donc la condition mise à l'obteu¬

626 1243 2082 149 tion d'un roi. A ce prix, la monarchie était trop chère. Lire¬

623 1316 2057 174 prate Les ripublicains triomphaient et, appuyé par l'indi¬

623 1400 2085 172 gnation générale, entrainaient derrièse eux l'apinion publi¬

629 1485 2048 163 que. Les Ocangistes uchantés de ce déchainement de fuieur

1969 1555 233 73 urolongez

626 1558 2057 168 faisaient chorus en vire doplaagoe d. <...... l'anarchie

620 1636 2088 152 avec le desseim d'en profiter. De Paris les ennemis de Louis Phi¬

2312 1695 295 76 excitai gêt

618 1706 2082 189 lippe et de Casumir Périer applandissaient et férirtaint

618 1793 2079 172 le mouvement. Il...........p...e Pot¬

612 1875 2102 174 ter, Lafayette, Manguis Lamarque poussaient les Belges à raaas

618 1970 2028 135 à <el.v.... ........ la République. Les francaphiles etpi¬

612 2029 2059 144 ctaient avertiment. A Liège a Verviers à Mrais à Naur De

618 2136 1657 121 abovait le drapeauffanc .s...........

955 2144 81 62 des

1581 2122 433 73 étaient arbyrés.

1756 2187 561 87 s'évertuaient à trouves

629 2195 2073 149 A coupés cependant les modéré aheritaant ame solution, par

609 2274 2060 165 p.. .............c. J. B. Nottaut parvint

620 2358 2057 151 à̀ obtenir de ses colliques l'éliction provisoire ds Liopold et leur

702 2479 275 56 adhérjou

609 2450 2093 127 <....... à des arrangements financiere avec Guillamume.

606 2515 2074 149 Il était entendu que l'élction serait mille au cas où le roi

609 2596 2071 158 consentirait à sasrifier des sacrifices territoriaux. Ale ga¬

623 2678 2054 160 quait douc du temps mais on ne gagnait que cela-Rien n'était

601 2771 2085 145 tranché. La situation paraissait ineytricable et déses perce.

615 2841 2037 165 Le roi de Hollande insistait à Londres pour l'exécution duputas

606 2922 2018 157 de l'ultimatn du 10 mai, et la confirence, poussée a bout

604 2998 2053 166 rappelait de Bruyelles Belliard et Pousonby. Melle illusion à de

615 3082 2037 155 faire sur un nouveau désaccord de la France et de l'Angle¬

612 3166 2015 138 terre. Salmeiston et Casimée Périer, marchaient le main

620 3284 492 79 dans la main.

25 2434 491 460 E pus Tolliqed

19 2512 523 480 l flé s des vouvedu

16 2751 363 351 On purtor

78 2695 464 471 Alebung p. 185

64 56 475 205 belanitz p-171

106 241 408 126 Blam II. 378
