2790 3356
207 39 201 162 17)

652 22 2065 117 rale. <.......tno.e.. sifese

657 120 2074 109 .....e . Congier. <..................qe les c¬

643 187 2077 117 svlerations de parti freut compl.... ....ère à son ilee¬

2359 246 167 56 congrès

638 254 2031 129 tiove. Les Catholiques dominant par le nombre dans le ovelitlie

626 332 2082 118 eussent voté pour Felix de Mirode s'il l'avait voules. Mais

632 399 2082 132 pa. ............. .......> Ic¬

629 472 2065 129 p.i...nt. Pas plus que Suilet il ne pose sa candidature. <

626 531 2043 142 Damordonc d.... <........... .........

626 606 2066 137 Quarante-trois voix seulement se portirent sur son nou.Surlet

621 673 2048 143 en ottent tent-huit. Sonclectionfut une nouvelle afferina¬

612 755 2082 145 tdétenionisme. ..... S. fâchense qu'elle fût, sun élaction

618 858 2068 120 ent du moins cet avantage d ne pouvoir passer pour un coup

621 914 2076 157 de parti et d'affirmes une fois de plus l'uioinsme de l'as¬

624 1048 327 79 semtlée.

649 1065 1995 159 Le lendemain d son uraupisation, le Bégent constilue le

615 1152 2060 151 prnier <.....e le Bolgique des ciinistères de la Bal¬

618 1219 2034 159 gique indépendante. A vrai dire, il semble liieu qu'il se soit

615 1300 2085 131 contenté de le bäcler. <.....ant ........ .........>

612 1370 2024 162 <............... e. Pour

601 1457 2082 148 d'éparque l'embarras du choix, il le composa des adniestra¬

590 1540 2118 143 teurs gner aux des dious comités que le Congies avait chargés du

612 1608 2068 145 ponvoir exéitif. Par hasard, ils étaient tous litéraux. dn leur

601 1691 2074 140 adjorgint, dans la pessonne de de Perlacte, qui d'ailleurs résigne

598 1761 2066 143 tout de suite les fonctions, un catholique tois cadre et sans por¬

610 1876 310 101 tefenille.

2129 1884 64 68 so

610 1904 2096 151 ansi fait le cimnistire était jun meli-melo " livisé de hendan¬

587 1982 2079 157 ces qu'il ne se trouvait pas même d'accord sur la constitution.

582 2063 2070 140 A côté de modérés comme vin de Weyes, Tielemans Goblit et Chaules

590 2133 2051 163 de Brwuekère, la fanqneux Gendibien 4 affermait huuyamment

587 2209 2102 162 ses convictions réepublicain ...........> et cherchait nisoille¬

582 2307 2059 148 aent à profiter de l'occasion pour la faire tiiompher. Appuyé

587 2382 2102 151 au dehors pas De Pother, <.........bur thbbantip et

587 2483 2054 129 ses partisans, il <.............. uspérait

582 2553 2084 134 visiblement à une entente avec les révolutionnaires de Paris.

576 2623 2110 148 deaarcanb... La guerre immediate qu'il préctont contre la

573 2704 2119 143 Zollande devait, penrait-il, lespourere. <......> leur plr¬

570 2788 2085 123 mettre se pousser le geruvernement f... . tne enterven

1264 2799 160 67 taible

1816 2771 495 73 ds Leiis. Phélippe)

559 2866 2088 126 tion qui eût tourné en guerre de propagande et instauré la

551 2947 2012 146 réputtique en France et en Belgigne Péo excitations étaient

576 3034 2079 129 d'antant plus dangereuses que, dans le <...... moent,

568 3112 2124 134 désarri gnéral et au sem de la crise économique qui sévisait

573 3202 2007 120 de plus en plus, le découragement ou l'intir et poussaient
