2790 3306
226 38 179 160 9

154 173 435 83 pronaité un ins.

137 242 455 66 tant avec faveur

115 278 499 82 fut écarté dû devant

121 347 504 55 la réjurgisunce du ca¬

168 382 457 69 binet de Paris. Ln Bit.

198 424 369 88 gigue, ou, dépiis

226 556 355 94 .......>

363 644 293 135 Lincroyait

74 1132 441 237 Voy De Lounx Les

77 1223 457 226 deges en quêle dun

77 1294 446 246 On. Res Cattal et

110 1413 328 187 10 Oci 1929

683 11 2032 115 aume des Pajs. Bas et la période fraucaise, à la Synastire

686 101 2065 100 qui avait régné sur le pays depuis le traité d'Iltrecht. Lian

675 173 2079 96 säbactrit Mais la cons de Venne <....... s'absten ait pu¬

669 250 2079 83 demment d'encourager cette combinaison contre laquelle

667 322 2078 85 d'ailleurs de France n'cut pas manqué de protestas si elle

669 385 2060 116 avait présente queques chances de suncés. Le nom du prence

667 465 2059 108 Liopold de Saxe Cobourq ..t .........qu ...q

661 534 2065 105 ............... .......>

656 600 2081 105 paxequi, dû l'origine d Sa révolution s. Xait sEntiit ..t

2023 597 77 55 du

667 666 2054 105 <> Le senties sontune par la France, <...........>

669 735 2065 108 ....... l'apeciion les quête d'. <..> c ne pouvait se tournes que

1775 730 215 60 monargle

650 807 383 63 very la France.

650 812 2084 108 M petit nomtre de républicains enssent volontiers proposé

1483 801 264 66 sein opzater

647 876 2038 121 lafayette li Lafayette s'y était prêté. Mais bient ôt ce fut

647 950 2032 113 eutré le fils d'Engène Beauharnais, Anguste de leucht enberg

645 1024 2065 113 et le dui de Nénours, second fils de Lanis.Phélippe que de répas¬

647 1099 1252 107 tirent les pruférences et les intriques.

697 1162 2007 121 Personne cependant ne les connoissait. Bien plus même ni l'un

636 1242 2096 107 ni l'autre n'avaient fait la moindre sémarche pour se recom

634 1311 2092 121 mandes aux totes de Congrés ...............>.

634 1358 2100 135 tin ". Manifestement leurs caudidatures n'étaient que le résultat de

631 1421 2090 146 machinations palitipous élaborées à Paris au sein des grouper politi¬

636 1490 2065 149 ques <..rparblesqui s'efforcaient d'utilés er la révoliction, bilge

2500 1531 174 55 maindy

634 1556 2053 143 au profit de la France. <..rtérat derla Balge de l'intérêt ie la

628 1633 2076 146 Belgique, ceux qui les avaient mir en arant ne se souciaient

1734 1705 273 69 roprement

631 1708 2073 148 pas le moines du monde. C'était <....... une dérision d..os

1874 1779 108 58 à ce

625 1776 2065 144 qu que de proposer <...............> pays en plemé crèse

1350 1862 279 63 le pleigner

625 1851 2062 140 seux adolescents sont térem Leuchteuberg, avait a peine vingt aus,

620 1920 2079 140 et dont l'autre rraaitoleige, Nemours, en avait secze. En réalité

625 1986 2090 143 <..staitpas les candidat au trôme que l'on propisait aux Begu n'é¬

614 2060 2093 141 taient que des Syniboles politiques. L.................>

617 2135 2070 124 aortpuint .as Il ne s'agissait point de leurs personnes mais de

614 2212 2082 129 la signification qu'on leur donnait. Voter pous Luchtenterg, ce

614 2278 2098 138 blrait ad Lérer à la politique .............que l'appesition tonm¬

612 2363 2081 124 partiste menait à Paris contre le gouvernement de Louis. P'hilippe.

612 2427 2084 137 Voter pour Nemours au contraire ce serait affermir la monaritie

609 2512 2090 119 de juillet en parant et un prestige dont elle manxquait déplose¬

612 2578 2084 130 blement. Ootait .......... B...f Bapl...........qu... qi

603 2650 2084 135 stoit appetià On comptait sur l'inexperiece et la maivité du Con¬

603 2732 2084 122 grès pour l'empécher de voir qu'il était manomvré et quaben

606 2815 2087 110 qu'en élisant un roi des Belges, ce serait, à urai dère pour on contre

595 2878 1059 133 le roi ses Françaiqu'il voterait.

614 2964 2082 118 Il n'est pourtant assez compséhenrible que l'opinion maitarceps

592 3044 2073 113 té les noms que les intrigues parisiennes lui sugyérérent. La cons¬

589 3118 1999 110 titution élaborie par le Congrès réduisait à ce point le pouvoir
