2790 3343
261 66 109 142 21)

78 534 485 154 Allanng p. 112

69 947 494 184 Gdut 30) à 112

61 2120 379 136 elle l avait Sij.

69 2209 357 119 ait le 19 fevies

61 2259 382 145 blaniis. 451

610 19 2079 131 nou sans doute qu'il fût hostile à la France s que nous amsons

602 103 2084 142 tous " mais parce que "vone au principe de l'indéjend ance na¬

593 225 357 81 tionale".

618 264 2057 137 Or celle-ci paraissait gravement indaancée. L'obstination des

604 342 2082 148 Belges à résister aux décisions d e la conférence et leur in¬

607 420 2096 142 capacité à sortir de l'anarchie où.l.. ......, faisaient re¬

604 476 2088 159 venis sus l'eau les projet de partage auxquels on avait déjà songé

610 551 2082 170 à Paris quelques mois plus tôt. Sans doute le gouvemment frau¬

607 615 2065 162 cais ne les sontenait pas. Mais il ne les combattait pas non plus¬

607 685 2029 181 Il semble bien que sans l'opposition de l'Angleterre, il se fût

610 743 2043 201 entendu avec la Prusse et la Hollande. Telleyrand se laissait

615 813 2066 206 aller à confesser qu'il était impossible que les Belges constituent

613 899 2068 198 une nation et qu'entravaillant à leur icidépendance, il fai¬

615 966 2010 209 sait une ormore de circonstances destinée à disparaitie

613 1150 384 84 avec elles.

624 1139 2029 178 Il était doec grand temps de le pusser s'l'on voulait enfrin

613 1203 2034 203 avoir un roi.<nil ...it p...> Mais l'hemikiante

613 1281 2068 203 expérience de l'éliction de Vemours consaillait imposait la pru¬

2224 1409 234 67 assisait

615 1359 2060 198 dune. Il n'était plus question de donner la cousonne, sans savoir

615 1420 2049 212 l'elle secait acceptée. Le 22 avril ne députation <. <......

618 1490 2066 228 à Marlborongh Meuse pour pressentir Léopold sur ses inteu¬

615 1562 2088 226 tions. Lebcace de flattait d'obtenis sans peine son assentiment.

615 1651 2063 207 Mais on avait affaire cette fois à un esprit réaliste, à un po¬

618 1718 2082 223 litique plein de prudence, ò un prinse enfin qui venait de refu¬

618 1813 2077 198 ser le tione de Grèce. Comment espérer qu'il occeptôt cebéi de

618 1880 2060 212 Belgique, sans être asauré du conseutement de l'Europe et

613 1961 2046 214 surtout de celui se l'Angleterre à laquelle il devait tout? Il

621 2058 2049 195 savait que, le 17 avril, la Confisence venait de séclarer de nouveau

618 2131 1996 217 que les bases de séparation, rejetées par les Belges étaient des

618 2200 2007 218 "arrangements fondqmentaux et iirénocables n. Oprale C'était

1192 2337 260 75 toléreraig

632 2284 2063 209 dire qu'elle ne <.....t.t qu'un roi qui les admit, bans ces con¬

615 2359 2096 209 ditions, les pourparlers ne pouvaient aboutir. Léopold et le députation,

618 2440 1784 184 se touvaient, comme disait Palmeiston at a dead loch.

1346 2543 387 84 demeurait buts

671 2512 2001 193 Cependant le Congrir. abotmait dans la résistance. Jousouby

2043 2571 409 83 (lu 10 Mai par ligiie

615 2610 2046 167 n'avait osé lui commeniquer l'ultimatum que la Confirence

1513 2679 491 95 Sosemait Ger Bilge.

615 2679 2069 173 <..........> d'ampter les bases

627 2741 2057 184 de sépasation souspeine de la voir bloquer l'Escant et <.te¬

613 2838 2073 159 nà accorder son oppui au roi de Hallande. Locapbêtiant  aumer

613 2913 2082 173 4... complêtement revenn de ses sympathies orangistes, il tro¬

621 2991 2077 173 vaillait main tenant pour Liopold et <... s'associait a

2185 3053 292 64 ugairait

613 3056 2059 195 la politique de Libeau. <l....> Londre Il sapliant Pal¬

621 3147 2032 165 mersitois de consentir à une transaction. Pour en finis, celui: ci
