2790 3306
294 30 78 121 12

700 2 1999 99 nar fois sensibles à leurs avances, passpoind espérant que le

680 74 2052 99 désordre qui en rès ilterait leur fommirait peut-être l'orcasion

680 146 2049 96 d'une revanche. <D. .......................

661 220 2026 102 <pbet <...>> Les orangistes éevient comptaient aussi sur

669 292 2046 99 plusieués membres des Conseils Provinciaux qui elus avant

669 363 2065 91 (830, dememaient Sccritement fidèles à l'ancienne ceas¬

667 438 2020 96 tie. Dans le courant de jauvier, Un complot, était en pleme

669 517 2041 83 Organisation. Pendant que des journaux sulventionnés par La

664 595 2040 102 Haye, le Messager à Gand, le Jourat du commerce à Anvers

661 655 2076 124 le Lyux d Orugilles, l'Industrie et l Ecto à Liège faisaient raye

669 746 2052 113 contre le Congrés et la gouvervement provisoire, pendant que le

658 826 2087 102 pays et l'étranger étaient inondés de brochures, penvant que

658 903 2090 108 des agents secrete, pour gagner les massu, semaient de l'argent

656 972 2081 118 et dégageaient les dépôts .......> des oncaiers aux Moits

661 1049 2071 108 de picté, on préparait <.oup.. ..rce <.......t

669 1135 2071 99 presque ouvertement un coup de force en faveur de la restan¬

647 1206 2021 99 ration. Il s'agissait de s'emparer de Gand, de provoques des

647 1278 2090 91 mouvements à Louvain et à Aruvers, d'envahir la selle des sé¬

658 1366 2054 91 ancce du Congrés, de le dissondre et de proclamer le priuce d'o¬

661 1440 2038 105 range lieuteuant général du Royaume. Une commission de

667 1520 2076 110 gevernement où figuraient Dotrenge, l marquis de Tiuze¬

658 1611 2068 105 guies et quelques autres était prête à prendre le pouvois. Dléjà les

650 1697 1787 82 discours à prononcer à cette occasion étaient redigis.

678 1765 2023 102 Ce beau plan devait lamentablement échouer. <...... . te

636 1845 2035 100 <........................ Le parti Orangiste

1226 1840 86 58 Le

645 1925 2037 102 s etait fiquré qu'il suffisait d'acheter que Gues comparses pour

645 2005 2059 97 reusir. <onon........... .....................

625 2055 2104 107 <..... ......... ........ . .........>¬

645 2126 2076 113 tio...............ent gaquéla.... ..........d

645 2204 2054 101 .............. ....... ...............¬

2467 2184 110 55 ..

653 2275 2018 99 ...............i> l. 0.q...............

614 2344 2068 110 vois. Le 2 d jace 1831, Si ls bandes d'Ermest Ggrégoire purent

1069 2344 226 55 Lévrier

631 2418 2070 108 entres à Gand sans coup férir, grace à la trahison des chefs de la gar¬

625 2496 2101 104 nison, il duffit de l'intervention des poupiers courant spositaié¬

628 2575 2084 102 ment aux armes, pour les dispesser. L'entreprise si soi gnenseunt

623 2661 1210 85 montie sombrait dans le ridicule.

680 2727 2041 105 Legraalit... .... ... ......... Cet echec n'interrompit epeu¬

617 2807 2021 99 dant pas les menées des Crangistes. Dibiétaent Empuirsants

636 2884 2018 94 par eux. mêmes ils recevaient de l'appui que leur accordait

620 2953 2090 96 manipesterent Lad Pousouby, l'agent. Orugelles du gouverneunt

623 3033 2067 96 anglais une importance politique considérable. Lactribicnts

625 3102 2051 104 <... ...... Sontinis les pactisares l'Orangisme était à

625 3176 2013 99 ses geux le seul moyen efficace dc mines aussi bien la cause de

143 1812 416 171 (crmmi'laune

148 1945 367 77 si souvent aux

148 1983 334 80 conservateurs.

223 2091 405 173 31 n a ait

181 2234 439 91 aucun compte de

159 2278 480 107 la irgeur on sente¬

102 2350 438 118 ment national.
