2790 3324
252 38 108 144 6

678 77 2009 53 avait la garde ne seraient évidemment pas sacrifiés a

656 110 2100 97 ceux du petit peuple qui prêt endait n'en faire qu'à sa guiss

664 180 2073 99 <.......... Taut pis pour lui s'il avaitiuscrit dans

659 249 1998 116 sa constitution que la Tuxembourg formait une de ses

659 362 379 70 geroiuces.

714 404 2001 111 C'est à ce moment que l'idée de mutraliser la Balyique

651 484 2058 106 sa fait jour au seim de la conférence. Qui en a parlé là pre¬

651 551 2019 105 mier ? Bulow: Tallbyaand ?) Au fond, celui qui l'a formulée

651 626 2072 102 tout d'abord n'a dit que ce que tout le monde dévait peuser.

651 689 2058 114 Elle était évidemment le corallaire de la dissolution du Rag¬

640 775 2072 108 auige des Pays-Bas.Du moment que l'on ren oncait à con¬

648 853 244 63 rétablir

653 847 2028 103 <.> contré la Fiance la barrière qui venait de se rompre.

651 914 2025 127 il n'y avait d'autre alteenetève que <....t

667 988 2023 117 d dymettre la Balgique à l'abri des convaitiser et de la

651 1066 2008 108 France et des autres sinssances. La casservation de la paix

664 1127 2012 138 gnerale était à ce prix. Il follait quecetle Balgiqu dont lan

653 1204 2051 122 <.... 2fall... ...........> Pour que l'Euro¬

659 1296 2067 111 pe de résiguat à l'indépandame que les Bolges s'étaient arro¬

662 1362 2042 114 gu sans la consulter, il fallait qu'elle le fit elle même le ga¬

645 1407 2014 135 rant de cette inulépendanc intempestive non sans doute

651 1484 2000 117 par intérêt pour elle, mais pour l'empicher d'être confis¬

659 1559 2006 122 quée au profit le quelque juussant voisien. Cette clhef de voute

648 1625 2011 131 de l'équilibre européen que la B.lgique avait cessé s'être

637 1698 2061 116 depuis les grandes guerres du XVIIe sicile devait être définitive¬

637 1772 2083 103 ment scillie par l'effoit collectif des puissances. Vientie, elle

637 1844 2086 119 ne touteront plus personne et scrait une protection paur.

631 1911 2089 127 tous. Il le régine qu'on lui réservait lui serait une protic¬

626 1980 2091 122 tions contre elle-mêne en lui interdisant toute vellaité dt'ab¬

626 2049 2067 136 tagner la Gollande. Dès le 15 novembre. Matuszevie evrivait

628 2116 2076 144 à Nesoetrade que le vrai moyen de sauvegarder le repos de l'En¬

626 2196 2089 139 rope scrait que les Puissances" garantissent ces commue l'exri¬

626 2271 2091 133 tene du Noyame belge et diclarent qu'aucune d'elles ne pourse

620 2346 2061 141 le avain car l'envahir ou l'anneyes sans le onsentement

620 2432 2081 124 des quatre autres". Il faut convenir que, dans les cercves tan¬

620 2504 2086 124 ces où l'on le trouvait c'etait <... la seule solu¬

620 2573 2037 127 tion possible, solution vraiement enropenne solution de

626 2656 1997 130 paux et que la confisence fut si heurense d'avoir trouvée

1964 2720 396 72 ae poudais

620 2736 2075 130 qu'elle la qualifia de "bi enfait"<........... se dis¬

612 2817 2089 124 scanuler d'ailleurs, que c'était au fond mne précaution prisc

609 2883 2097 141 contre la France. t

2155 2958 78 61 lcs

612 2963 2053 136 <..z En 1815. Ol avait Vaulu apposey mpap¬

626 3038 2028 133 ..... n Etat ac y poit pour

595 3135 2073 141 lui enéemposer. le 1831, on 2l smpose de ne la coutenir que par un

676 3210 296 83 auna tèle

80 548 496 155 Matusseuie.
