2790 3303
245 63 85 143 3

685 33 2025 74 Car ...t nltare en fau ses puissanus absobitistes Lomi Phi¬

649 104 2044 83 lippe <............ l'Aingleterre pous pouvoir

875 74 926 69 avait d trop agrand. Geroni de

641 167 2063 99 Songes cà rompre avec elle. C'est là ce qui a periis à Palmers¬

647 239 2068 105 ton de diriger à la guise les travaux ds la confisenc...r.ati..t

649 308 2030 115 <..............................>

649 377 2050 121 <............. Il a su jouer admirablement, dans

633 451 2101 116 l'intérêt de la polilique britannique, tantat de la France contre

647 528 2087 107 lirtoire la Prusse, l'Centriche et la Russie, tantât de celles-ci contre

649 608 2000 110 la France. Avec la première, il ne voulait pas contranidore les

649 671 2028 146 Bilges au profit de Gvillomine mais avec les secondes il était

647 759 2038 124 mebraulablement resolu à empecter la France de mittre

1751 831 187 69 misait

649 839 2077 118 la main sur la Belgique. Il pait à coup sur et devait ga¬

661 911 2060 148 guer à tout coup.D................d Catge>

652 988 2047 129 <...............alli Le rôle que lord Castlercagh

641 1067 2052 152 avait joué en 1814-1815, il le joua en 1830-1831, li bien que

652 1156 2052 132 la la création et la dissolution du Royaume des Pays- Bas furent

652 1252 1887 118 ... .dr>, l'ainvre de l'Cmplaterre.

870 1252 314 63 adant tout

699 1337 2011 141 La guerre generale, que la grande affaire des suissaures é¬

652 1409 2063 135 tait et fut jusqu'au bont d'éviter, ent éclaté tan mevitabli¬

652 1489 2074 132 ment siil n'ent qu'aux Belges et à Guillanene. La <..

649 1552 2050 160 éunion de la confisence ds Loudors les avait également

658 1634 2076 149 exaspérés. Pour celui-ci, elle constituait le vrolation de ses dait

661 1720 2068 148 de souveran-, pour ceux- la, la violation de leurs droits de pouple

661 1819 2043 143 Lui comme eux s'indiquaient d'être passés " sous le jaug de

638 1893 2080 141 la diplomatie" ...êl............> Ils de défiaient avec rai¬

630 1998 2091 118 son des marchandages dont à l'avance dls se royaient les vii ¬

627 2061 2105 146 tuner et auxquels ils enssent prefire la solution nette et fran¬

641 2138 2019 130 che d'un conflit armé dont <......que, de part et

663 2210 2038 143 d'autre, ils .....

1316 2224 369 66 escomptaient

727 2323 1996 121 Puillaume, chef d'un gouvernement regulier et cestain de la

647 2400 2065 113 6.. bieuveillance des Puissanus abaolutis tes ne pouvait

644 2477 2090 113 cependant songes à de brouiller avec elles en mettant le fen à l'Eu¬

641 2551 2060 129 rope. Il était d'autant plus incapable l'ager que l'aprinon

644 2636 2035 116 de son peuple ne le sonténait pas. Sauf de très rares exceptions

630 2713 2074 122 lx .a Hollandais en avaient assez de l'anulgame" avec les

641 2793 2030 102 Belges. On voulait tien dones une lecon à cesimentiere" et

729 2881 188 77 stager

649 2881 2055 105 <.>r l'honnenr militare si . compromes depuis les

658 2950 2035 113 journécs de siptembre mais c'en était fait de tonte velleité

641 3033 2052 113 de rétablir le Royaume. Lui-meme d'ailleurs Puillamme de

641 3124 2047 112 <.. rendait bien compte qu'il était trop tard pieur en re¬
