2790 3306
215 46 124 179 24)

589 22 2093 99 le congris ne pouvait se résigner à a Vendre ses frés". san

589 101 2096 89 .............. Les tribunes bondies

598 176 2095 110 opplau dissaient à tout rompre les orature qui éqrgraient

584 245 2115 121 la guerre plutêt qu'ume telle houte. On sifflait les partisans

592 330 2112 105 de la résignation. De Puris, une fois de plus la presegripuble¬

587 402 2065 115 caine soufflait sur le fece. Enfcn le 5 juillet Litean prit la

592 476 2098 119 parole. <...a P....en........... ....... <...>

589 539 2098 124 Ovec une éloquence faite de sa coniiction, il montire le soit des

584 611 2103 127 16 articles lie au Sort même de l'icid épendance nationale¬

1984 683 111 58 d ou

592 683 2068 135 ..guie .s rojtos Sous doute, pi .Bolq couratact aux ar¬

587 760 2078 129 mes plutôt que de se résiquer à leur cidaption, on pouvait

589 845 2087 110 espirer le sécoms de la France. Xe ce secours provaquerait un

587 898 2081 146 conflit enropien, et la Bolgique qui l'aurait déchanne en de¬

578 980 2085 124 rait la viclime, carle défaite....... .......>

2530 1024 146 58 <

567 1055 2129 132 rstaretianbolland.....de vrétoine car elle n'aurait n<..s

581 1135 2079 124 sir ln cas de victoire qu'une anneyiona.....> en cas de

581 1206 2071 143 défaite qu'une restansation <........ Sur cette assemblée

581 1294 2106 141 que l'union des t partis afpan chissait de la diccipline Ty¬

1736 1371 207 61 peut-être

573 1383 2109 126 raunique que leur désainond eût simposée aux votes, cet emou¬

578 1462 2104 127 vant appil au bon seus et au patriatisme fit merveille. L'o¬

576 1548 2037 110 rateur épuusé se rassit dans le beuit des aulamations. La

592 1622 1988 116 lmière de la raison disupait les fimires du sentiment. La

581 1702 2040 121 cause étoit gagnée. La discussion se prolonges ecore quatye

2321 1754 278 64 rallifiait

587 1785 2029 115 jours à travers des redites. Le 9 peillet, la congres ........t

570 1878 1580 94 le texte des 18 articles par 126 voix contre 7o¬

595 1945 2040 118 Whês Uune semaine plus tord, le 17. Liopotd dibarque à la¬

565 2035 2078 108 lais mettait le pied sur le sol bilge à La Panne par un temps

559 2110 2068 124 splendide. Jusqu'à Bruyelles, il voyagea au milieu de l'en¬

562 2195 2076 102 thourinme populaire anueilli par les sous de la bratanconne,

565 2267 2054 110 passant sous des aus de triomphe et sous le déployement des

567 2333 2076 124 dropeaux tricolores. Seulft dans les villes qu'il traversa, les tôtals

556 2421 2082 108 de l'aristoiratie et ceux des industriels orangistes, fivevettacte,

559 2496 2087 115 <ar......>>témoignaient par leurs fenêtres closes de le ton¬

554 2578 796 83 derie de leurs lab taut.

576 2647 2067 108 L'nanquration du roi ent lien, le III 21 juillet sur celte même

545 2752 2126 99 place royale qui avait vu se dérvuler au metiece d'une poupe

1836 2716 623 63 grlge ausanparavant.

548 2812 2090 119 offficielle et glacée celle de Suillame I er Ille répondit parson

545 2895 2090 124 <.... oput..............> La cirémane, toute popu¬

537 2978 2090 110 laire et démocratique répoudit tien au caractire ds ootta mo¬

2290 2961 80 55 la

532 3066 2103 99 narchie républicaine qui y debulait. An centre de la place se dres¬

537 3140 2084 116 sait le pene arbre de la tiberti. En face, sur les degrés de l'église

272 1096 293 154 attendre
