2790 3343
231 100 114 153 26)

1440 130 184 84 55

668 231 1974 139 Le 22 juis, Guillacene I es avait solennellement déclaré

635 331 2074 137 aqu'il considérerait comme sou coméi le personnage que

629 409 2077 139 accepterait la Oelgique sans avoir sonscrit les baser ds sépe¬

621 484 2026 140 ration" La conférence n'aait attacté aucune imporlance à

632 576 2040 128 catte mace. Il ne lui paraissait pas possible que le roi de

908 654 1792 128 s'inenigeat contre le volaité mainine des Peuisan¬

629 741 2038 136 ces e supposant d'ailleurs qu'il le fit, ce ne svait qu'une

621 816 2088 133 incartade sans leudemain. Il était trop tard pour troubles

627 902 2084 151 la paix générale punqu'eufin l'Evope était d'oncord sur

624 986 2062 147 la réconnaissance de la Belgique. Mais Guillaume savait

632 1080 2043 129 d'autre part, qu'il ne risquerait rien en prenant les armes¬

621 1164 2071 125 Vainqueur, il pouvait espérer replonger dans l'avarchie cette

618 1242 2091 123 Belgique qu'il voyait aucc furens lui échapper. vaincn, il en le¬

624 1337 2085 108 rait quitte pour accepter au pis aller ces I articles qu'il consi¬

629 1423 2066 98 dérait comuy une prrfidie de la Confisinne à son égard. Il ine

2597 1398 78 61 1a

752 1487 847 64 dentait, d'ailleurs en mégureg

688 1504 2021 100 D............ d venger sun les Belges ses hu¬

618 1582 2082 97 miliations d l'année précédente. Il avait reconstitunanée

618 1660 2038 106 soin son armce et les appels qu'il avait faits à son peuple a¬

618 1727 2021 114 vaient porté lrs frnits. Le nation hollandaise ontait ait

618 1810 2038 101 ardemment châtier les "émentiers" du Sud. Les étudiants

613 1894 2057 100 des Universités avasent formé des bataillan ds Nalontaires. L'en¬

610 1969 2015 103 semble des Troupes rassemblées dans le Brabant siptentrional

613 2067 2090 86 sous couleur de protiger la fontière, de montait a 50.000 hom¬

596 2125 2115 106 mes, sous le commandement du prince d'Oange assisté de ..

607 2189 2102 134 chèfs tel que Constant de Rebeique et Bernard dl Saye Wainar¬

685 2295 1971 103 A cette puissance militaire, les Belgu ne pouvaient appoo¬

599 2387 2060 103 ser qu'un ancas de régments aussi mal equipés que mal

599 2468 2087 100 commandés, qualues corpe de volontaires indis cipliner, et une

610 2551 2090 98 garde cevique à peine armée. Le Congrés si telliqueux en pa¬

602 2638 2068 97 roles, n'avait ricin fait pour le .....>> la guerre dont il

1797 2613 315 66 réparer à

674 2693 212 67 agaçait

602 2721 2062 98 méiavait constamment l'Europe. Les faciles Surrés rem¬

602 2805 2051 97 portes en sept embre lui faisaient croire que l'anttousius¬

596 2883 2029 97 me révolutionnaire suffirait à mettre l'ennemi à la

590 2972 2096 100 raison. Se défiant d'ailleurs des officiers des troupes régu¬

568 3050 2063 103 licres passés à son service, il los avait laissé naître et se dé¬

574 3136 2082 106 Veloyes parmi eux un mécont entement dont les Orangistes, on

574 3220 2093 109 l'a vu, avaient su pofiter. Telle était pourtant l'impréoyance
