2790 3306
209 44 168 187 8)

661 22 2057 99 qui. conforménnient à la politique ondoyante, s'abstmait

645 93 2037 105 provisoisement, d'adhérer aux bases de siparative, sans d

647 168 767 104 pouxtont les rejeter.

736 223 457 71 d'indigpatioi

678 239 1998 94 <.. du congrés s'explique encore par les xigences

623 305 2092 97 ultérieures que le protocale du Lo jaurses laissait entrevois¬

623 380 2081 104 <...... On y lisait, sffit, que " le souverain de ce pays( la

620 451 2073 105 Belgique) doit nécessairement répondre auxprincipes d'exis¬

634 520 2037 108 tince du pays lu-même, satis faire par sa poition persamelle

625 584 2098 110 à la sureté des Etit roi dins, accepter à cit affet les avangements

617 652 2101 111 consiqués au présent protocole et se trouves à même d'en cessu¬

620 727 2084 107 rer aux Belges la paisible jouissance" On ne pouvait dive e

614 796 2079 110 tirmées plus clairs que la Confirence se riservait d'interve¬

617 873 2068 96 nir dans le choix du prince que les Bilges se douseraient

634 947 2037 105 et subordonner plus nettement leur sonsenaineté Natio¬

639 1035 1844 94 nale <........ aux corvenances de l'Escropa¬

697 1090 2002 113 Cette question du souvérain était sans contre dit la plus épi¬

623 1165 2037 124 neure de toutes celles que la révolution avait fait surgir. Le

634 1242 1993 127 Conpéi l'avait encore compliquée en exclvant des tiône la

625 1319 2051 116 ai son d'Orange Nassan. Il avait voile amsi rendre im¬

623 1407 2048 102 possible toute combinaison qui ent donné la couronne de

634 1479 2076 113 Belgique soit à Guillaume, soit à son fils le pruice d'Orange.

625 1556 2079 99 Et c'était la une nouvelle bravade aux Puissances. Car on

625 1633 2049 113 n'ignorait pas à Bruyelles que ... tons les cabniets. y

620 1716 2073 102 compres celui de Paris envisageaient un replâtrage de cette

617 1796 2057 102 sorte comme le meilleur moyen de se tirer d'affaires. Le 22

614 1873 2068 96 nivemtre 1830, Loves Philippe atait intervene auprès dus

614 1950 2079 96 Conmgres pour le délourner ds notes la déchéame de la dymas¬

612 2030 1392 99 tie. On avait jussé cntre sans hésiter.

647 2096 2076 121 Moais Mais si on s'était ttrouvé d'accad pour reponrece l'ancien

603 2176 2107 107 souveraie il élait beaucoup plus malaisé d s'entendre sur le

598 2248 2084 104 nouveau. Chaisis uen Belge, solution qui ent peut être contenté

603 2314 2098 113 les Puissanus, il n'y fallait pas songes. Suil le comte de Mérode

603 2383 2109 115 ent été possi ble et il ne voulait pas entendre parler de sa candi¬

601 2462 2120 108 dature. D...........  ...................bie

607 2538 2023 115 Le prince Frédéric de Pale, dont la femille dascandait par les¬

606 2614 2054 121 femmes des maisons de Hornes et de Lalaing, essaya bien de se

601 2699 2098 102 mettre au avant et fit pétitioin es ne sa faveur des paysans

612 2774 2073 99 de la province d'Auvers, sans q parvemir à se faire prendre au

603 2840 2079 102 sérieux. Il follait évidemment offrir le trôve à un piese é¬

2230 2898 66 63 au

598 2914 2106 105 tranger et c'était couser tot droit .......> conflit avec

603 3005 348 88 l'Enrope.

634 3052 2053 124 Quelques Catholiques avaient peusé tout de suite à l'archi¬

603 3148 2049 108 ds Charles d'Antriche. C'eut été en revenir, par delà le roy¬
