2790 3309
289 41 80 124 10)

678 22 2056 102 Rroyal <...a esp. ropublécaars que les qualitis personnelles du

659 104 2089 86 souverain à clire s emblaient chose tout à fait négligéable

673 159 2067 111 <.... ....... Qu'importait il que le roi fût inca

670 234 2078 110 pable de goieverner puis qu'on ne lui, srapandait que de régner

678 297 2092 119 Le jeum age ees candidats <..............>

1608 292 580 55 ne pondaits déplaire a

656 358 2114 121 <................ Rggens qui comivaient

667 430 2065 118 la monarchie constitutionnelle, dout ils avaient fait le pégine

659 501 2095 127 de l'Etat, comme une sorte de republique. Leus origine française

656 581 2087 119 les recommandait plus fortement encore. Son.onte, paveer

2078 636 275 56 ou y rex ait

659 656 2073 124 tarspe si bigarre que cela puisse paraître <..............>> la

654 719 2020 144 plus préciense garantie de l'independance du pay s. S.rada Il y

648 796 2084 133 avait bien, parmi les révolutionaires ne petit groupe d'hoin¬

645 868 2084 130 mes qui eussent envisagé avec faveur l'auveyion de le Bel¬

659 951 2086 124 gique à la France. Il est même probable que i'est de leur gron¬

654 1036 2033 97 pe, en relotios constoutes avec les cercles politiques de suris.

645 1111 2023 107 qui <....... ......> prononca tout d'abord les

642 1185 2076 94 noms de Nemours et de Leuchtenberg. Friodiemmense mas

645 1262 2056 105 .o..edo. B.... L.. ............. ta.t d. ....cque l'coi¬

640 1334 2105 110 eare ....... B.l...comi... ca......t Mais l'immense

634 1403 2095 119 majorité des Belges iguora complétement ces arrière peusées. Pou

634 1491 111 61 égx

2293 1464 118 66 gart

640 1475 2081 110 alle. un prince francais............................té

637 1541 2092 130 <.....t on de dépait de l'Europe. on s'altendait à une

2563 1599 141 74 Helgige

651 1626 2067 113 guerre généralc et si elly gélatait, il etait trop éndent que le taavia

634 1709 999 64 Jue pojerret comptergijé ?sier la Favnce.

2066 1690 489 69 croyaient-ill et ait

634 1717 2064 116 <......... O.e. Or la France ......e Bulqar

634 1789 2053 121 <......t invincible. Combattre avec elle ..oiqaelle

629 1864 2100 113 .it fourinian paye, ce serait donc remporter à ses côtés une vie

631 1946 1863 102 toire qui consurerait définitivement l'existence du pays.

662 2021 2042 107 Mais s les patrioter s'ancadaient ..out.......¬

1934 2004 152 64 en cecu

618 2101 2042 102 <.> ils cessaient de s'entendae sur le ctoix à faire entre hs

618 2167 2058 113 deux piinces qu'on leur proposait. Irès, Ladcqeuce .....a Leuch.

615 2241 2050 116 teuberg, en vertes de sa naissance, plaisait devantage, aux anciens

604 2327 2045 96 soldats dc Napolion, et à tous ciuux q qu'enthousiasmaient les

609 2401 2034 86 principes dens cratiques dont se réclamait iis cn moment ae

604 2470 2072 91 <....> le propagande bonapartiste. Les industrich en revanche

607 2545 2080 91 préféraient Venours aspirant que son élection faciliterait rau l'é¬

596 2616 2086 86 tabbiesement d'an regime doucnier qui rouvrisait à leurs pro¬

598 2685 2117 94 duits l'énorue marché de la France. Les uns et les autres voiserte

598 2763 2078 91 <.. ... ................ pronaient au surplus leur candi¬

598 2831 2098 91 Sat comme le <......> meilleus h..t bouclier de l'indépendance

598 2903 2042 91 Nemours disaient ceux- ci fourne a trap facilement à louis Pti¬

598 2986 2045 91 lippe l'occasion de mettre la main sur le Belgiqaue. Lincbtem¬

593 3060 2045 97 berg. Ripliquaient <....ceux. La ce sera la impture avec le ca¬

590 3129 1984 108 binet de Paris et la plite du seil allie qui puisse prtigoe le pays

607 3198 1385 97 ..t Ecrope d'une intervention de l'Enrope

2141 3193 212 58 sander

96 813 505 160 Chagal p ex 2oy s.

91 871 546 168 Cetlrs à d. Rogur les

91 956 502 149 2t jaur 31 sis.

88 1028 502 146 billles Un deplunt

110 1136 265 137 dx p. 71.

118 1373 398 154 (senl poernie

110 1502 436 89 les piotiges cents.

93 1557 456 103 le peril dine res

110 1629 331 91 tauration.
