2790 3306
217 63 144 154 25)

85 347 482 104 nôte du costunnme

79 421 483 85 lieutenant quicrat

82 484 405 89 amée bilge.

90 603 466 96 e Salve de cent un

82 683 483 69 s de conom arunonca

88 727 463 116 uple qu'il'aitit

99 793 135 99 roi.

589 27 2087 127 Sanit.Jouques, on avait élevé un dais sur lequel de détactont

565 121 2076 118 les noms des combati victorieux de la révalution. Les blause

567 198 2115 113 blene des Volontaises remplarait, au dessus du tione D les ar¬

570 281 2098 115 moirns héraldiques. <.......l Ruu par les mamtres du con¬

578 349 2027 138 grci, Lopold araepts fut conduit tout d'abord à un fautenil

570 438 2093 118 d'où il assista en spectatns à la déposition des pouvours du

573 520 2012 113 régent. On lui lut ensuite la coustitution. Il y prêta ser¬

587 603 2065 91 ment : <.........<......... ...teqidant de Cngen

2020 592 80 63 l

589 699 2065 86 .........o... Il <..t........> avec cette, distiction des

1295 672 604 66 montia égisiite ou trôme

2073 669 121 61 tagre

581 776 2062 89 manières et des calme <...... qui co.....bies

1075 760 88 66 un

2004 743 358 66 dontiguaient

581 843 2040 110 Ii la souveraineté que sompeuple venait de lui confier." Belge

1295 832 287 60 la nation

576 917 2043 121 par notre adoption, dit-il de se voix leute et grave, se me ferai

578 994 2076 116 aussi une li d l'être tojours pas ma politique" Il venait de

578 1077 2054 124 prononces les paroles <....lin aèque allait auxquelles son loux

567 1173 1255 105 règne devait être fidèle jusqu'au bout¬

680 1234 1980 135 Pendant qu'il ce rendait à piids auterdie...> à tra¬

581 1325 2040 121 vers les flots des gardes civiques et du peuple au palais royal,

562 1405 2128 115 <..onp.......... les membres du Congrès gagnaient

567 1482 2104 124 l Palais de la Nation pour y déposer) avec la même s'implicété¬

1775 1460 496 82 leur souvjranati

609 1570 1996 113 qu'ils l'avaient prise. <..........> Leur tache était

581 1658 2095 107 accomplie. La constitution élaborie par eux entrait en Bigneus¬

570 1738 2104 110 Le lendeiaiin, la roi constituait son perenier ministére et con¬

562 1815 2112 141 voquait le corps électoral pour la nemi nation du sénat et de

556 1920 1087 113 la Chambre des Reprèsentants.

88 1460 308 104 Compre .

88 1553 314 91 4yie d.-2

79 1628 340 91 ener. Ju

77 1705 397 96 l Nissoniga

82 1765 262 116 one d

79 1854 276 126 son des

77 1958 303 130 ritous

63 2044 411 146 tes II1 en

151 2165 160 116 fine
