2790 3315
276 44 160 127 4

707 49 2027 78 venir au passé. Il est se prévcupait que de l'avenie de sa sy¬

674 102 2077 94 nartie. Il se fût contenté de la sipasation cidministrative des

685 168 2044 105 deux parties de l'Etat voire memé ds l'antonomie complêt

685 240 2066 121 de la Bolgique, à condition que sa mai son ent contumie de ré¬

691 350 437 83 guer sur elle.

727 411 2010 102 Du côté des Belges la question était pls compliquée qu'à pre¬

2015 381 75 74 si

685 491 2063 86 mière vie elle paraissait insoluble. Saus 2 se prévrcuper des

682 558 2063 93 convenanns de l'Enrope. <<........... .¬

685 629 2046 92 ... ils avaient marché de l'avant en infants tercibles

691 704 2029 94 Dis le 18 novembre 1830, grange alors que l dep.ntord

2447 693 235 63 Anfisene

685 776 2046 102 Lode délibérai tat Séjà seprus quenge jouurs, ils avaient pro¬

685 850 2035 94 d ame leur indépendance, juis imperts tablement fixé

682 922 2060 94 et introduit dans leur constitution, les limites de leur Etat

674 988 2046 111 rivolutionnaire et excle lavaionade Samma du trône la

680 1074 2071 83 maison d'Orange-Nassace. Ils avaient agi, dans. leur faiblesse

696 1149 2038 83 comme l'avait fait) à la fin du XVIIIe siecle la Convention Oratio¬

696 1226 2024 105 nale de France. Leur Congrés semblait de croire a investi de

696 1326 2019 69 la dictature enropéenme". Avec une autreccidance naisse

699 1392 2008 105 il ogatque tous les peuples confondaient leurs applandis¬

826 1375 291 69 1. insagigsait

694 1477 2018 94 sements avec ceux que lui donnaient les republicains de

699 1538 2019 119 Paris.. Tout à fait ignorant rodieposatiom des réalités de la

699 1627 2019 113 politiique etr augere, il se croyit assure en tous car de l'appui

691 1701 2027 108 de la France, il comptait sur elle comme si elle avait été

699 1784 2030 119 qevernce par le général Lamarque au Rien de l'être par

2510 1853 213 75 Ces Bolgesg

710 1861 2032 130 Lanis.Philippe. Pour les diplomates qui les vryanent faire, Ill n'à

669 1944 2085 119 taient que des brouillons, des noius, des ignorants dungereux

702 2024 2040 125 <..a. ..... .... .............

1238 2093 965 75 ...........>

696 2113 2049 110 .. <........ <........... .........ivi.

707 2185 2038 124 <........77.. aux Gautirneqniont ... ...ir<.>

691 2265 2024 121 <.77.. . .................... 3......

682 2370 490 96 .a.>.

707 2428 2005 119 Ce qui a sauvé la rivolution belge de la catastrophe oi ce

688 2511 2010 116 sontré la Révolution brabanconne c'est qu'elle s'est ap¬

685 2585 2005 125 puyee jusqu'au bönt sur cette rinion des partis qui l'avait

666 2668 2074 102 réndire possible. Grécraralleet Eu dépit des uppendences, des in¬

2162 2732 271 55 L casion

674 2751 2074 105 temperauces et des bravades, elle a fcrinis à <..... ..>

685 2809 2055 116 de tenis tête à l'Europe, qui la meprisait et le lui impiser finale

682 2897 2069 97 <.. indépendance qu'Elleavait pro¬

1039 2886 429 61 reconnartré

680 2958 2090 108 clamée sans lui en demander l'autorisation. Sans doute, ou cours

685 3019 2074 119 des baques péripéties par lesquelles le pays devait passes avant la

688 3085 2063 127 conclusion des traites de 1839, l'aprinon <..li....> tiraillée en

586 541 77 110 x

138 1110 503 155 (dans sa puifsance.

312 1301 191 149 f. 3

135 1605 550 198 16

428 1707 202 96 p. 336

237 1781 335 108 atadser, les

171 1850 564 111 (Loorellgesers diligu)

141 1906 417 99 (bourgevisés ptêt

132 1933 509 119 naient a .aes des

143 1994 490 105 les salons des grandes

141 2047 525 107 Sanes, egérics de la con¬

129 2085 562 130 sirenéé, La éluctesse de

124 2143 492 113 Dino ralliait "luer

124 2190 495 130 petite éloguene rijus

121 2232 567 129 Glicaine "et la grande

116 2290 550 154 dée qu'ils se faisaient

118 2378 487 119 de leur impoatance.
