2713 3464
2386.0 0.0 156.0 87.0 101

655.0 51.0 1988.0 104.0 La réalité est bien différente. De recherches minu¬

586.0 144.0 2072.0 127.0 tieuses et pénétrantes entreprises depuis un de¬

592.0 230.0 2028.0 127.0 mi siècle ressort, sans doute possible, la très

615.0 331.0 2048.0 142.0 faible population des villes à la fin du Moyen Âge

612.0 444.0 2046.0 130.0 Si étrange que cela paraisse, il est désormais éta¬

600.0 545.0 2029.0 127.0 bli qu'en  Nuremberg ne renfermait que

860.0 666.0 1717.0 116.0 habitants; Francfort, un      que

898.0 773.0 1719.0 139.0 .Bâle un        que         ; Fribourg

609.0 917.0 2054.0 93.0 un Luise un     que          etc. Le spectacle

606.0 1016.0 2034.0 115.0 n'est pas différent si l'on passe d'Allemagne

618.0 1111.0 2008.0 115.0 dans les Pays-Bas. Des documents absolument

638.0 1223.0 1736.0 125.0 sûrs nous apprennent qu'Ypres comptait

612.0 1356.0 1687.0 78.0 âmes un        ;      un      et

615.0 1434.0 1996.0 116.0 un       . D'une manière générale, rien ne

600.0 1535.0 2014.0 119.0 nous permet de croire que ces populations, insi¬

626.0 1645.0 2046.0 104.0 gnifiantes aux yeux d'un moderne, aient été plus con¬

624.0 1743.0 2036.0 98.0 sidérables pendant les siècles précédents. Tout au plus

629.0 1856.0 2026.0 95.0 pourrait on l'admettre pour Ypres, dont la draperie

618.0 1945.0 2016.0 98.0 était en pleine décadence au <.......> XVe siècle.

618.0 2040.0 2057.0 99.0 Mais même en supposant que cette décadence a eu pour

626.0 2139.0 2034.0 95.0 effet un recul formidable du nombre des habitants,

624.0 2228.0 2054.0 84.0 il resterait toujours que l'on ne pourrait sans invrai¬

615.0 2315.0 2060.0 80.0 semblance porter celui-ci, au moment de la plus grande

629.0 2387.0 1982.0 109.0 prospérité de la ville, au delà de 20000 hommes.

626.0 2488.0 2040.0 107.0 Ainsi, au rebours de ce que l'on croyait jadis, nous

621.0 2592.0 2039.0 101.0 devons nous représenter les populations urbaines du

624.0 2701.0 2010.0 87.0 Moyen Âge comme n'ayant point dépassé un niveau

621.0 2782.0 2022.0 98.0 très bas. Gand et Bruges qui comptèrent certainement

647.0 2878.0 1982.0 101.0 parmi les centres les plus peuplés de l'Europe continentale

615.0 2973.0 2037.0 101.0 n'ont certainement pas dépassé, si même ils les ont at¬

621.0 3065.0 1999.0 90.0 teints, les chiffres de 50,000 et de 40,000 âmes. Louvain,

612.0 3160.0 2025.0 107.0 Bruxelles et Liège peuvent avoir eu de 20 à 30000 habi¬

638.0 3247.0 1976.0 147.0 tants, c'est-à-dire à peu près autant que Nuremberg et
