2713 3522
475.0 82.0 1603.0 94.0 des intérêts <..............................>

989.0 20.0 1656.0 138.0 que l'on avait cherché à réaliser, mais les tisserands

475.0 181.0 2185.0 80.0 ne laissèrent passer aucune occasion de s'imposer au reste de la

460.0 272.0 2208.0 89.0 bourgeoisie et de la forcer à sacrifier ses intérêts aux leurs. <........>

484.0 358.0 2170.0 82.0 <............................> La commune fut périodiquement

487.0 434.0 2158.0 108.0 troublée par leurs coups de force et ce n'est que la décadence pro¬

502.0 540.0 2128.0 105.0 gressive de la draperie qui, diminuant peu à peu leur ascendant

484.0 619.0 2167.0 126.0 à partir de la fin du XIVe siècle, les amena enfin à <..........>

484.0 710.0 2152.0 117.0 <..............> accepter le partage du pouvoir avec les autres

478.0 815.0 355.0 74.0 membres.

575.0 901.0 2076.0 143.0 <.....> La situation que nous venons d'exposer pour Gand

484.0 1009.0 2176.0 141.0 se retrouve quoique sous une forme moins frappante dans presque

496.0 1115.0 2152.0 129.0 toutes les grandes villes. Même en temps normal d'ailleurs, le

507.0 1200.0 2150.0 141.0 fonctionnement régulier des institutions populaires soule¬

487.0 1314.0 2187.0 144.0 vait toutes sortes de différends. Le magistrat, <..................>

496.0 1394.0 2175.0 149.0 <..............> désormais recruté parmi les métiers n'a pas

487.0 1485.0 2167.0 140.0 le pouvoir <......................> de les contraindre

502.0 1567.0 2152.0 173.0 à respecter ses décisions si elles lui déplaisent. A tout<..> propos,

507.0 1652.0 2164.0 191.0 il faut recourir à l'assemblée générale de la commune et l'ap¬

496.0 1755.0 2155.0 149.0 peler à trancher les conflits. Mais <...........> aussitôt

513.0 1857.0 2150.0 156.0 de nouveaux <.........> se présentent. Chaque membre votant

930.0 1828.0 373.0 62.0 inconvénients

499.0 1945.0 2152.0 150.0 à part prétend forcer les autres à se ranger à son avis. Ce n'est

505.0 2048.0 2166.0 144.0 que dans les rares occasions où tous se rallient spontané¬

490.0 2151.0 2181.0 144.0 ment à la même manière de voir que leur sentence a chance

493.0 2257.0 2140.0 129.0 d'être acceptée. L'unanimité manque-t-elle, la minorité

490.0 2342.0 2131.0 149.0 refuse de s'incliner devant la majorité. Chacun persiste

499.0 2441.0 2164.0 153.0 inébranlablement dans son "recès" ou sa . A chaque ins¬

493.0 2518.0 2190.0 179.0 tant, on court aux armes; les métiers se rassemblent sous leur

505.0 2623.0 2199.0 182.0 bannière et s'affrontent en ennemis <..................>

499.0 2723.0 2196.0 176.0 <..........> Ainsi, on se trouve trop souvent en face

505.0 2817.0 2169.0 167.0 de l'alternative ou de ne résoudre les questions pendantes ou

1465.0 2829.0 88.0 79.0 pas

510.0 2905.0 2158.0 206.0 de ne les résoudre que par un combat sanglant. Les luttes fra¬

513.0 3020.0 2155.0 190.0 tricides qui donnent un caractère si tragique à l'histoire des

531.0 3125.0 2135.0 191.0 grandes communes sont un mal inhérent à leur régime po¬

502.0 3205.0 2152.0 196.0 litique et <...............> dont la gravité a toujours été

510.0 3304.0 2164.0 191.0 chez elles en rapport direct avec <...........> le degré d'auto¬

2522.0 11.0 129.0 103.0 175
