2713 3468
2522.0 28.0 98.0 113.0 199

546.0 80.0 2077.0 130.0 clinée et diminuée » qu'il n'y reste plus qu'environ cent

535.0 199.0 2128.0 118.0 métiers battant. A Gand, on n'en compte plus que vingt¬

540.0 303.0 2103.0 110.0 cinq en 1543. Et le spectacle est le même en Brabant.

532.0 404.0 2100.0 95.0 A Bruxelles, en 1537, il ne reste plus de teinturiers en

526.0 488.0 2111.0 118.0 bleu; pour en attirer un dans la ville, il faut lui pro¬

535.0 595.0 1452.0 95.0 mettre un subside de 600 florins.

566.0 696.0 2115.0 130.0 Cette déchéance était fatale. Pour se maintenir, en effet,

543.0 800.0 2141.0 116.0 en présence d'une concurrence hardie et favorisée par

543.0 921.0 2135.0 84.0 le commerce anversois, la draperie urbaine eût dû renon¬

543.0 1005.0 2109.0 96.0 cer complètement à son antique organisation, abandonner

532.0 1089.0 2131.0 119.0 les procédés auxquels une technique séculaire l'avait

540.0 1176.0 2152.0 124.0 habituée, sacrifier aux nécessités industriels ses privilèges

549.0 1283.0 2094.0 86.0 protectionnistes et tout l'attirail <..> d'une

549.0 1349.0 2111.0 145.0 législation faite pour une époque disparue. Mais pou¬

532.0 1453.0 2094.0 130.0 vait-on demander aux artisans de rompre avec un

532.0 1540.0 2163.0 139.0 régime qui leur paraissait lié à leur propre existence ? <...>

535.0 1635.0 2160.0 153.0 <........> Etaient-ils capables de s'élever au-dessus de l'étroit

523.0 1739.0 2146.0 130.0 horizon dans lequel ils avaient vécu durant tant de

529.0 1832.0 2137.0 130.0 siècles ? La réponse n'est pas douteuse. En réalité, le régime

540.0 1927.0 2129.0 145.0 des métiers <...................> n'eût pu dispa¬

540.0 2011.0 2129.0 165.0 raître que par une révolution violente, que par une per¬

1443.0 2092.0 121.0 75.0 du

546.0 2115.0 2138.0 144.0 turbation totale <........> régime municipal. Il était

537.0 2213.0 2129.0 142.0 trop vieux, trop profondément enraciné dans la tradi¬

540.0 2317.0 2126.0 136.0 tion et la coutume pour pouvoir se modifier. Il vé¬

561.0 2410.0 2120.0 127.0 géta donc et se décrépit lentement. Toutes les mesures

561.0 2511.0 1695.0 113.0 prises pour lui venir en aide échouèrent.

1174.0 2586.0 486.0 61.0 contrastant avec

581.0 2612.0 2105.0 110.0 Mais <...........................>la décadence

1515.0 2687.0 1145.0 78.0 la draperie rurale entre dans une voie

546.0 2707.0 2140.0 107.0 de la draperie urbaine <.........................>

607.0 2765.0 659.0 58.0 d'étonnants progrès

566.0 2791.0 2123.0 133.0 <.....................................................>

552.0 2884.0 2134.0 138.0 <.................> Condamnée durant tout le Moyen

639.0 2953.0 1243.0 87.0 par les privilèges et la jalousie des grandes villes

2166.0 2979.0 118.0 81.0 elle

2305.0 2979.0 159.0 75.0 <........>

535.0 2988.0 2157.0 121.0 Âge à une existence précaire et misérable avait com¬

523.0 3083.0 2135.0 119.0 mencé <.......> pendant la période bourguignonne,

537.0 3173.0 2152.0 107.0 <.....> à s'épanouir ça et là <....................> malgré

537.0 3257.0 2161.0 106.0 bien des difficultés et des réclamations incessantes. Puis, tout

540.0 3343.0 2155.0 110.0 à coup, vers la fin du premier tiers du XVIe siècle, elle <.....>
