2713 3507
2546.0 11.0 79.0 105.0 71

496.0 75.0 2176.0 109.0 culation et l'abondance de l'argent et substitué aux

1347.0 143.0 281.0 61.0 que leurs

496.0 169.0 1126.0 117.0 vieilles institutions <.........>

1625.0 160.0 979.0 103.0 titulaire <.........> se

514.0 265.0 2120.0 109.0 transmettaient de père en fils <............> avec les

508.0 374.0 2143.0 90.0 domaines auxquels elles étaient attachées, des insti¬

514.0 464.0 2163.0 100.0 tutions <...............> dépendant directement <..........>

2218.0 523.0 220.0 79.0 installés

514.0 561.0 2108.0 114.0 du pouvoir public et confiées à des agents <............>

508.0 651.0 2105.0 126.0 <...........> par lui et vivant du traitement qu'il est

499.0 756.0 2129.0 94.0 maintenant capable de leur servir. Rien d'étonnant

514.0 844.0 2090.0 105.0 dès lors, si dans cette Flandre <...> où le développement

502.0 943.0 2146.0 103.0 économique a précédé celui des territoires voisins, les

494.0 1031.0 2110.0 102.0 baillis, comme les villes elles mêmes, apparaissent plus

508.0 1136.0 1061.0 106.0 tôt que partout ailleurs.

543.0 1227.0 2126.0 99.0 <.................> Entre le bailli et les échevins le con¬

499.0 1320.0 2173.0 117.0 traste est éclatant. Ceux-ci sont les représentants de la

502.0 1423.0 2152.0 96.0 commune, celui-là est l'instrument du prince. Il n'a

508.0 1519.0 2105.0 97.0 de comptes à rendre qu'à lui et <.....................>

499.0 1604.0 2143.0 111.0 n'obéit qu'à ses ordres. <......> Continuellement déplacé,

494.0 1697.0 2104.0 103.0 toujours choisi en dehors de la bourgeoisie de la ville

508.0 1806.0 2120.0 111.0 qu'il administre pour l'empêcher d'y prendre racine <..>

499.0 1896.0 2140.0 100.0 <..................> il ne relève que du haut justicier

517.0 2001.0 1090.0 94.0 qui le nomme et qui le paie.

549.0 2089.0 2090.0 111.0 <...................> Une telle situation devait

502.0 2197.0 2170.0 94.0 tôt ou tard amener des conflits entre les magistrats com¬

494.0 2294.0 2163.0 105.0 munaux et les fonctionnaires du prince, juxtaposés plu¬

496.0 2408.0 2187.0 87.0 tôt que coordonnés les uns aux autres. Ceux-là incarnent

505.0 2487.0 2161.0 105.0 l'autonomie urbaine, ceux-ci <...............> l'auto¬

505.0 2586.0 2167.0 102.0 rité territoriale et à mesure que se développèrent les prin¬

502.0 2679.0 2149.0 100.0 cipes qu'ils représentent, le contraste qui les oppose les uns

915.0 2747.0 353.0 73.0 apparait

496.0 2776.0 2155.0 90.0 aux autres <........> toujours plus éclatant et plus dan¬

502.0 2861.0 2158.0 99.0 gereux. On commence à s'en apercevoir dès le milieu du

496.0 2945.0 2158.0 117.0 XIIIe siècle. La belle harmonie qui a présidé si longtemps

494.0 3051.0 2125.0 111.0 aux rapports entre le comte et les villes <..................>

377.0 3077.0 149.0 131.0 fera

812.0 3127.0 196.0 70.0 place

485.0 3153.0 2160.0 114.0 bientôt à une rivalité de plus en plus prononcée. L'idéal

496.0 3264.0 2123.0 91.0 des grandes communes devient républicain en même

467.0 3363.0 2178.0 108.0 temps que celui du prince devient monarchique<.>.
