2713 3500
2438.0 5.0 172.0 129.0 125

580.0 40.0 1838.0 120.0 ingérence qu'une usurpation arbitraire. <......>

580.0 137.0 2074.0 113.0 <......>. Il consent à aliéner sa liberté au profit du bien

586.0 224.0 2027.0 120.0 commun et de l'égalité économique, mais il n'en¬

580.0 335.0 2065.0 99.0 tend pas l'abandonner à un pouvoir qui, manifes¬

577.0 437.0 2033.0 82.0 tement ne gouverne plus que dans un l'intérêt d'une

586.0 516.0 2051.0 108.0 caste égoïste. Aussi, dès la seconde moitié du XIII siècle,

563.0 612.0 2033.0 117.0 <....> les métiers ne supportent-ils plus qu'en frémis¬

565.0 708.0 2045.0 111.0 sant les doyens, jurés ou vinders patriciens que l'é¬

980.0 775.0 87.0 73.0 <..>

1108.0 778.0 105.0 64.0 <...>

586.0 799.0 2030.0 111.0 chevinage a placés à leur tête. Chacun d'eux brûle

589.0 904.0 2065.0 96.0 d'obtenir son autonomie, de régler comme il l'en¬

583.0 994.0 2057.0 108.0 tend ses propres affaires, d'intervenir directement

574.0 1085.0 2071.0 116.0 dans la législation industrielle, bref de n'obéir qu'à

583.0 1181.0 2019.0 114.0 des règlements sur lesquels il aura délibéré <..>, qui

580.0 1289.0 2065.0 93.0 répondront à ses besoins et dont l'application sera con¬

598.0 1373.0 2012.0 111.0 fiée à ses propres élus. Toutes les volontés sont d'ac¬

589.0 1470.0 2036.0 99.0 cord sur le but à atteindre. La cause de chaque mé¬

592.0 1563.0 2030.0 108.0 tier est solidaire de celle<.> de tous les autres et dans

595.0 1650.0 1975.0 137.0 chaque métier, la condition des artisans étant

586.0 1741.0 2051.0 137.0 sensiblement la même, <..............................>

883.0 1855.0 193.0 64.0 seul

598.0 1860.0 2004.0 108.0 <..> un <....> mouvement les <............> entraine

592.0 1945.0 2045.0 134.0 tous d'un élan vigoureux vers <.......> la réali¬

580.0 2044.0 913.0 120.0 sation de leur idéal.

656.0 2120.0 1995.0 131.0 Si puissant qu'il soit au sein des travailleurs du

595.0 2234.0 2027.0 122.0 marché local, ce mouvement est bien plus intense

595.0 2333.0 2056.0 117.0 encore et bien plus redoutable chez les salariés de la

606.0 2429.0 2039.0 126.0 grande industrie. Ce n'est point seulement la su¬

1076.0 2508.0 338.0 67.0 numérique

603.0 2537.0 2045.0 120.0 périorité <............> qui a donné à Dinant aux

600.0 2627.0 2060.0 120.0 batteurs de laiton, dans les villes flamandes et bra¬

598.0 2732.0 2050.0 111.0 bançonnes aux tisserands, aux foulons et aux au¬

595.0 2832.0 2010.0 102.0 tres ouvriers de la laine, le premier rôle dans le

600.0 2948.0 2031.0 111.0 soulèvement démocratique qui s'apprête. Tout ce

606.0 3056.0 2013.0 102.0 que nous savons de leur condition sociale les des¬

589.0 3147.0 2039.0 113.0 tinait évidemment à prendre partout l'initiative

1931.0 3222.0 148.0 56.0 tous

2231.0 3217.0 210.0 67.0 motifs

592.0 3255.0 1989.0 93.0 et la direction de la révolte. A <......> les<.......> de

600.0 3357.0 2016.0 102.0 mécontentement qui agitaient les petits métiers, ils en
