2713 3486
2389.0 47.0 147.0 132.0 86

526.0 92.0 2128.0 73.0 comme un groupe de petits entrepreneurs <........>

537.0 151.0 2120.0 93.0 <.....> vendant à leurs clients, sans intermédiaires,

1052.0 209.0 256.0 66.0 qu'ils ont

535.0 232.0 2079.0 104.0 les produits fabriqués au moyen d'une matière

535.0 322.0 2116.0 122.0 première achetée par eux en petite quantité. Les restric¬

520.0 415.0 2105.0 102.0 tions mises à la liberté de chacun d'eux sont dès lors

520.0 508.0 2140.0 131.0 la garantie de l'indépendance économique de tous.

508.0 598.0 2129.0 119.0 Nul, <..> le voulût-il, ne peut écraser son voisin. Si

523.0 720.0 2137.0 113.0 quelque compagnon, soit par héritage, soit par ma¬

508.0 830.0 2149.0 102.0 riage acquiert des capitaux plus abondants que

505.0 920.0 2117.0 102.0 ceux de ses pareils, il ne pourra les appliquer à son

514.0 1008.0 2135.0 104.0 industrie et la supériorité de sa condition perso¬

520.0 1106.0 2076.0 105.0 nelle ne lui permettra point de faire à ses voisins

514.0 1199.0 2114.0 105.0 une concurrence désastreuse. Mais l'inégalité

526.0 1295.0 2061.0 105.0 des fortunes parmi les artisans semble d'ailleurs

532.0 1394.0 2099.0 90.0 un phénomène très rare.<...........> Chez pres¬

546.0 1498.0 2111.0 111.0 que tous on rencontre le même genre d'existence et

520.0 1594.0 2129.0 108.0 la même modicité de ressources. <................>

1224.0 1664.0 541.0 73.0 A tout prendre,

526.0 1716.0 2117.0 99.0 <......................> L'organisation économique

520.0 1809.0 2152.0 117.0 dans laquelle ils se trouvent serait plus exactement

523.0 1911.0 2114.0 139.0 désignée par l'épithète d'« acapitaliste » que par

532.0 2013.0 1070.0 113.0 par celle d'anticapitaliste.

564.0 2111.0 2073.0 122.0 La solidarité des artisans achève ce que la législa¬

540.0 2222.0 2039.0 116.0 tion urbaine a déjà si fermement établi. Entre

540.0 2315.0 2056.0 125.0 tous ces hommes de même profession, de même

567.0 2411.0 2073.0 136.0 fortune, de mêmes sentiments, se nouent des liens

529.0 2521.0 2085.0 110.0 puissants de camaraderie ou, disons mieux en

526.0 2614.0 2067.0 137.0 parlant comme les documents contemporains,

529.0 2710.0 2096.0 139.0 de fraternité. Dans chaque groupe de métier se

520.0 2814.0 2097.0 131.0 constitue une association charitable : confrérie,

520.0 2916.0 2126.0 140.0 charité, gilde, etc. Les confrères s'entraident les uns

508.0 3006.0 2143.0 143.0 les autres, pourvoient à la subsistance des veuves

514.0 3117.0 2172.0 136.0 et des orphelins de leurs confrères, assistent ensemble

520.0 3224.0 2076.0 110.0 aux funérailles des membres de leur groupe prennent

529.0 3317.0 2088.0 125.0 part côte à côte aux mêmes cérémonies religieuses
