2713 3505
2458.0 5.0 173.0 120.0 172

555.0 52.0 2020.0 134.0 urbaine rappelle d'une manière frappante le sys¬

552.0 157.0 2090.0 117.0 tème en vigueur à Gand ou à Ypres. La population est <....>

552.0 233.0 178.0 67.0 scindée

546.0 259.0 2029.0 109.0 <.....> en trois membres: les bourgeois d'emmy la ville, les

540.0 347.0 1056.0 96.0 batteurs et les bons métiers.

573.0 443.0 2061.0 120.0 <...........................................>

567.0 546.0 2090.0 90.0 <..................> Si la création des membres <........>

558.0 648.0 2076.0 82.0 accorde nécessairement aux divers métiers une puissance

1219.0 695.0 283.0 67.0 en principe

552.0 730.0 2102.0 105.0 politique différente, elle <..............>, à chaque mem¬

549.0 820.0 2090.0 100.0 bre la même part d'intervention dans le gouvernement

549.0 905.0 2114.0 111.0 municipal. Des précautions minutieuses sont prises pour

570.0 1013.0 2087.0 82.0 que chacun ne puisse se plaindre d'être sacrifié au détri¬

555.0 1098.0 2081.0 102.0 ment des autres. Les offices communaux sont soigneu¬

567.0 1197.0 2067.0 108.0 sement partagés entre eux et des règles s'établissent qui

537.0 1291.0 2123.0 111.0 réservent tour à tour à leurs représentants un certain

540.0 1387.0 2129.0 128.0 nombre de sièges dans <...........> le magistrat. Mais

552.0 1498.0 2084.0 117.0 cet équilibre <...> bien difficile à <.........> établir à la satis¬

561.0 1600.0 2067.0 105.0 faction de chacun est encore plus malaisé à conserver. Cha¬

561.0 1694.0 2087.0 108.0 que groupe <..........> cherche <..........> à tirer à soi le

555.0 1775.0 2043.0 120.0 plus d'avantages possible. La représentation des intérêts

552.0 1881.0 2087.0 143.0 n'est qu'un moyen d'apaiser leur conflit, mais elle ne par¬

546.0 1971.0 2088.0 152.0 vient pas à y mettre fin. Pendant le XIV^e siècle, nous voy¬

543.0 2079.0 2111.0 134.0 ons les constitutions urbaines <...........................>

543.0 2170.0 2096.0 149.0 <...> soumises à une fluctuation perpétuelle. On les rema¬

540.0 2269.0 2094.0 146.0 nie sans cesse, on <.> ajoute ou on <..> supprime des membres,

546.0 2371.0 2105.0 135.0 on modifie le classement des métiers dans les divers groupes

546.0 2468.0 2050.0 128.0 et l'on n'arrive jamais à satisfaire tout le monde.

534.0 2561.0 2053.0 140.0 L'histoire de Gand, à cet égard, la plus vivante et la plus

532.0 2663.0 2119.0 138.0 puissante des villes des Pays-Bas, est particulièrement ins¬

546.0 2760.0 2111.0 137.0 tructive. <......................................>

543.0 2865.0 2117.0 137.0 <......................................................>

558.0 2961.0 2116.0 138.0 <.................................................>

561.0 3058.0 2108.0 146.0 <...........................................>

552.0 3163.0 2079.0 125.0 <.............................................>

558.0 3247.0 2102.0 147.0 <...............................................>

520.0 3353.0 2140.0 119.0 <...........................................>
