2713 3497
2459.0 0.0 157.0 101.0 170

554.0 52.0 2030.0 117.0 entrer pêle-mêle des spécialités industrielles fort

557.0 163.0 2033.0 105.0 hétérogènes. On retrouve un système analogue dans la

557.0 247.0 2080.0 117.0 plupart des villes brabançonnes. A Bruxelles, où il appa¬

554.0 355.0 2036.0 93.0 rait sous sa forme la plus complète, la bourgeoisie se

565.0 437.0 2054.0 90.0 compose du patriciat, partagé en sept lignages, et de neuf

557.0 527.0 2083.0 90.0 nations entre lesquelles se divise l'ensemble des métiers.

563.0 611.0 2062.0 123.0 Gand et Ypres où la draperie jouit d'une prépondérance

560.0 719.0 2082.0 99.0 écrasante, lui font en revanche une situation en rap¬

565.0 807.0 2048.0 102.0 port avec son importance. La commune, dans la se¬

565.0 915.0 2057.0 102.0 conde de ces villes présente quatre corps: 1° la poorterie

565.0 1002.0 2025.0 114.0 à laquelle sont adjoints les bouchers, les poissonniers,

563.0 1095.0 2044.0 117.0 les teinturiers et les tondeurs; 2° le weifambocht ou

565.0 1194.0 2037.0 120.0 les tisserands; 3° la vullerie ou les foulons, et 4° les ge¬

565.0 1308.0 1993.0 102.0 meene neeringen ou communs métiers, renfermant

563.0 1407.0 1992.0 93.0 tous les autres collèges d'artisans. <...............>

810.0 1465.0 281.0 91.0 nous offre

574.0 1494.0 2045.0 114.0 Gand <.......> un spectacle analogue. Là aussi, à côté du

551.0 1608.0 2086.0 76.0 membre de la poorterie existent celui des tisserands, des

568.0 1690.0 2080.0 116.0 foulons et des petits métiers, au nombre de cinquante-neuf

568.0 1806.0 1818.0 76.0 tout d'abord puis plus tard de cinquante-trois.

630.0 1900.0 2015.0 110.0 Cette organisation n'a d'ailleurs rien de particulier aux

1417.0 1975.0 318.0 73.0 répondait

545.0 1999.0 2083.0 93.0 villes des Pays-Bas. Elle <.......> si naturellement à un

554.0 2092.0 2051.0 105.0 régime dans lequel les métiers disposaient du pouvoir

554.0 2191.0 2059.0 84.0 municipal qu'on la retrouve avec <.............> tous ses

565.0 2278.0 2040.0 102.0 caractères essentiels dans un grand nombre de villes

571.0 2377.0 2069.0 114.0 d'Italie et d'Allemagne. <.......> Nos connaissances ne

560.0 2503.0 2068.0 90.0 nous permettent pas de savoir s'il faut considé¬

565.0 2584.0 2069.0 114.0 rer, <......> en Flandre et en Brabant comme <..........>

560.0 2681.0 2097.0 119.0 <....> une simple adaptation au milieu urbain, ou si, la

560.0 2777.0 2077.0 122.0 -loi de l'imitation se manifestant ici, on doit y recon¬

565.0 2876.0 2054.0 125.0 naître, dans quelque mesure l'influence de l'étranger.

563.0 2981.0 2074.0 116.0 Il ne pourrait être question, en tous cas, de songer à l'oc¬

574.0 3083.0 2054.0 113.0 trois de l'Allemagne. La révolution démocratique s'est

563.0 3179.0 2077.0 119.0 manifesté dans ce pays plus tard que dans les provin¬

577.0 3275.0 2025.0 140.0 ces belges et nous savons même que Cologne, par exemple,
