2713 3382
2563.0 25.0 102.0 68.0 67

631.0 25.0 2022.0 130.0 Philippe d'Alsace (1168-1191) toutes les grandes villes ob¬

620.0 112.0 2033.0 110.0 tinrent les mêmes institutions et furent régies par des

623.0 200.0 2047.0 81.0 keures identiques, de sorte que les droits et les devoirs de cha¬

617.0 279.0 2070.0 84.0 cune d'elles constituèrent la mesure et la garantie de

623.0 369.0 2044.0 90.0 ceux des autres. Toutes aussi, traitées avec une égale bien¬

626.0 448.0 2027.0 98.0 veillance, occupèrent vis à vis du prince la même si¬

617.0 524.0 2011.0 110.0 tuation et <.............> également protégées par lui

634.0 622.0 1689.0 96.0 respectèrent également son autorité (1).

645.0 698.0 2003.0 113.0 Chose curieuse, ce fut la charte d'une ville romane, celle

617.0 789.0 2045.0 115.0 d'Arras qui, étendue aux diverses villes du comté, dont la

620.0 879.0 2047.0 113.0 plupart se trouvaient pourtant dans la région germa¬

617.0 966.0 2042.0 110.0 nique, devint la base de leur droit. Le type d'organisation

637.0 1048.0 2050.0 124.0 qu'elle nous présente est fort simple. Chaque ville, soustraite

623.0 1127.0 2016.0 129.0 à l'échevinage territorial de sa châtellenie, possède ses

617.0 1223.0 2062.0 104.0 échevins particuliers, habituellement au nombre de dou¬

620.0 1302.0 2084.0 118.0 ze ou de treize. Choisis par le comte, mais exclusivement

623.0 1392.0 2067.0 124.0 dans le sein de la bourgeoisie <...>, leur nature est mixte.

631.0 1476.0 2036.0 127.0 Ils sont <.......> les "jugeurs" du prince qui les fait présider

620.0 1558.0 2067.0 141.0 par un officier à lui, le châtelain tout d'abord, plus tard,

1790.0 1628.0 167.0 62.0 mais

628.0 1643.0 2062.0 138.0 à partir du XIIe siècle, le bailli, ils sont en même temps

626.0 1741.0 2058.0 138.0 les conseillers de la commune. En eux s'affirme de <..> ma¬

617.0 1840.0 2059.0 121.0 nière significative la bonne entente du pouvoir sou¬

922.0 1933.0 214.0 53.0 et des

620.0 1919.0 2019.0 124.0 verain <.......> aspirations municipales. La dualité des

617.0 2020.0 2062.0 99.0 magistratures urbaines que nous avons constatée dans

623.0 2085.0 2053.0 133.0 le pays de Liège où chacune des deux parties en présence s'oppose

611.0 2178.0 2093.0 104.0 nettement à sa rivale, n'existe pas ici. Les grandes vil¬

623.0 2257.0 2056.0 107.0 les flamandes, c'est à dire ces puissantes agglomérations

623.0 2336.0 2067.0 115.0 commerciales où s'est constitué le droit urbain ne connais¬

626.0 2443.0 2039.0 99.0 sent point les jurés. On ne rencontre ceux-ci que dans des

626.0 2513.0 2030.0 105.0 localités secondaires, dans des bourgs relevant d'un

631.0 2632.0 2031.0 121.0 ment appartient en réalité à la fin du XIIe siècle. Voy. V.

637.0 2739.0 335.0 90.0 Fris....

637.0 2781.0 2025.0 189.0 (1) L. Vanderkindere, dans son étude sur La Politique de Phi¬

617.0 2897.0 2045.0 158.0 lippe d'Alsace et ses conséquences. Bullet. de l'Acad. de Belgique

623.0 3001.0 2036.0 121.0 classe des lettres, 1905, p.749 et suiv., croit au contraire que

620.0 3074.0 2073.0 150.0 Philippe fut hostile aux communes. J'ai exposé ailleurs

626.0 3164.0 2072.0 124.0 (Histoire de Belgique, t. II, 3e édit., p. 198) les raisons pour

620.0 3263.0 1650.0 110.0 lesquelles je ne puis me rallier à son opinion.
