2713 3552
2609 76 92 72 9

621 32 880 163 De très bonne heure ----

601 127 343 74 <........>

1513 103 1161 110 on construit à leur usage,

586 207 2100 112 dans celui de Bruges, une maison scabinale. C'est

583 310 2094 107 encore au château que <......> s'accumulent les produits

580 408 2088 107 des domaines possédés par le compte dans les environs <.>

586 494 2079 121 que les paysans acquittent les taxes en nature destinées

778 589 400 65 subsistance

2399 556 186 62 aussi

583 583 2085 133 à la <......> de la garnison. Ils y viennent <....> à

574 680 2070 145 époques fixes pour assister aux "plaids généraux" et ,

562 778 2124 133 en cas de besoin, pour réparer les murailles curer les

2319 846 83 42 ou

565 879 2085 133 fossés, <.....> corvées obligatoires imposées par

562 962 2136 153 l'autorité publique pour l'entretien d'un bâtiment

1566 1062 160 65 de plus

562 1074 2112 139 public. Le château est <....> le lieu de perception d'un

553 1172 2133 139 tonlieu levé sur les chariots qui le traversent ou sur

556 1278 2103 130 les bateaux passant par la rivière qui baigne ses

559 1361 2088 154 remparts. Enfin on y établit un marché hebdo¬

550 1471 2136 136 madaire moyen de ravitaillement indispensable

556 1601 696 121 à sa population.

1984 1666 160 71 n'est

580 1699 2082 127 Cette population, faut-il le dire, <.... ....> pas encore

580 1787 572 65 une population de

1472 1773 233 65 bourgeois

553 1790 2109 139 <.. .... caractère ....> dans le sens du moins

693 1897 405 74 l'on entendra

1658 1855 604 83 dans les siècles suivants

556 1897 2130 115 où <.... .........> ce mot <...... .. ......>. Bien loin

565 1989 2115 130 de s'adonner à l'exercice du commerce ou de l'industrie

544 2083 2148 139 elle ne produit rien <... ......> et, au point de vue

547 2184 2121 139 économique, son rôle est celui d'un simple consom¬

533 2276 2120 151 mateur. <... .... .... .........> Elle se com¬

550 2379 2130 151 pose de quelques douzaines d'individus fonctionnaires

556 2477 2133 130 soldats, serviteurs de toute sorte. Son activité a moins

530 2560 2156 145 pour objet le château lui même que la châtellenie

547 2664 2133 130 qui l'entoure. A vrai dire, le château n'a même

544 2752 2127 154 de raison d'être que par rapport à celle-ci, dont il

536 2853 2126 139 est le centre militaire et administratif. Il cons¬

530 2939 2100 151 titue une sorte de local ouvert aux gens du dehors

542 3039 2120 154 qui lui donnent une animation permanente mais

536 3131 2117 160 qui ne l'habitent pas. Les paysans qui y amènent les

533 3247 2147 133 récoltes des domaines princiers, les receveurs et les maires

530 3330 2123 145 qui viennent y compter avec les "notaires" du comte, les
