<?xml version='1.0' encoding='UTF-8'?>
<alto xmlns="http://www.loc.gov/standards/alto/ns-v4#" xmlns:xsi="http://www.w3.org/2001/XMLSchema-instance" xsi:schemaLocation="http://www.loc.gov/standards/alto/ns-v4# http://www.loc.gov/standards/alto/v4/alto-4-2.xsd">
  <Description>
    <MeasurementUnit>pixel</MeasurementUnit>
    <sourceImageInformation>
      <fileName>ARCH-DIV-000494_0213.png</fileName>
    </sourceImageInformation>
  </Description>
  <Tags>
    <OtherTag ID="BT1" LABEL="Title" DESCRIPTION="block type Title" /><OtherTag ID="BT2" LABEL="Main" DESCRIPTION="block type Main" /><OtherTag ID="BT3" LABEL="Commentary" DESCRIPTION="block type Commentary" /><OtherTag ID="BT4" LABEL="Illustration" DESCRIPTION="block type Illustration" /><OtherTag ID="BT130" LABEL="TitlePageZone" DESCRIPTION="block type TitlePageZone" /><OtherTag ID="BT131" LABEL="MarginTextZone" DESCRIPTION="block type MarginTextZone" /><OtherTag ID="BT132" LABEL="MainZone" DESCRIPTION="block type MainZone" /><OtherTag ID="BT133" LABEL="CustomZone:numbering" DESCRIPTION="block type CustomZone:numbering" /><OtherTag ID="BT134" LABEL="NumberingZone" DESCRIPTION="block type NumberingZone" /><OtherTag ID="BT136" LABEL="MarginTextZone:lower" DESCRIPTION="block type MarginTextZone:lower" />
    <OtherTag ID="LT75" LABEL="HeadingLine" DESCRIPTION="line type HeadingLine" /><OtherTag ID="LT76" LABEL="DefaultLine" DESCRIPTION="line type DefaultLine" /><OtherTag ID="LT77" LABEL="InterlinearLine:correction" DESCRIPTION="line type InterlinearLine:correction" /><OtherTag ID="LT78" LABEL="InterlinearLine:addition" DESCRIPTION="line type InterlinearLine:addition" />
  </Tags>
  <Layout>
    <Page WIDTH="2713" HEIGHT="3472" PHYSICAL_IMG_NR="207" ID="eSc_dummypage_">
      <PrintSpace HPOS="0" VPOS="0" WIDTH="2713" HEIGHT="3472">
        <TextBlock HPOS="2476.0" VPOS="14.0" WIDTH="219.0" HEIGHT="104.0" ID="eSc_textblock_3a499f16" TAGREFS="BT134">
          <Shape><Polygon POINTS="2476 14 2476 118 2695 118 2695 14" /></Shape>
          <TextLine ID="eSc_line_faec1456" TAGREFS="LT76" BASELINE="2494 76 2642 76" HPOS="2492.0" VPOS="5.0" WIDTH="148.0" HEIGHT="113.0">
            <Shape><Polygon POINTS="2492 75 2492 118 2521 118 2550 118 2579 118 2608 118 2637 118 2637 118 2640 75 2637 5 2492 14 2492 75" /></Shape>
	    <String CONTENT="205" HPOS="2492.0" VPOS="5.0" WIDTH="148.0" HEIGHT="113.0" />
          </TextLine>
        </TextBlock>
        <TextBlock HPOS="494.0" VPOS="27.0" WIDTH="2214.0" HEIGHT="3392.0" ID="698b60f2-47b2-4682-8229-d5901883b6e0" TAGREFS="BT132">
          <Shape><Polygon POINTS="2473 126 2708 124 2706 3419 494 3419 494 27 2465 27" /></Shape>
          <TextLine ID="eSc_line_5b61c34e" TAGREFS="LT77" BASELINE="877 107 961 107" HPOS="874.0" VPOS="28.0" WIDTH="84.0" HEIGHT="107.0">
            <Shape><Polygon POINTS="932 28 903 28 897 28 874 28 874 104 874 135 958 135 958 104 955 28 932 28" /></Shape>
	    <String CONTENT="son" HPOS="874.0" VPOS="28.0" WIDTH="84.0" HEIGHT="107.0" />
          </TextLine>
          <TextLine ID="eSc_line_4da26195" TAGREFS="LT76" BASELINE="553 162 1323 147 2657 176" HPOS="547.0" VPOS="75.0" WIDTH="2108.0" HEIGHT="127.0">
            <Shape><Polygon POINTS="2631 124 2487 124 2484 121 2417 109 1913 118 1754 98 1630 112 1575 86 1395 101 1323 83 1311 83 1285 104 1236 83 1022 98 802 78 773 104 683 104 648 75 636 75 550 98 550 159 547 179 2649 202 2655 173 2646 124 2631 124" /></Shape>
	    <String CONTENT="Mais &lt;...&gt; mécontentement est impuissant et sté¬" HPOS="547.0" VPOS="75.0" WIDTH="2108.0" HEIGHT="127.0" />
          </TextLine>
          <TextLine ID="eSc_line_5bca45ac" TAGREFS="LT76" BASELINE="544 254 1502 240 2634 251" HPOS="538.0" VPOS="185.0" WIDTH="2093.0" HEIGHT="98.0">
            <Shape><Polygon POINTS="541 251 541 283 738 266 941 280 1114 266 2626 280 2631 248 2626 202 2359 202 2319 185 2162 202 2151 202 2131 185 2116 185 2093 205 1890 205 1887 202 1821 185 1809 185 1786 202 1760 185 1664 199 1566 185 1459 202 1418 185 1256 202 1137 185 1132 185 1094 205 891 205 802 185 720 202 692 185 683 185 538 205 541 251" /></Shape>
	    <String CONTENT="rile. Car ce prolétariat inorganisé est incapable &lt;........&gt;" HPOS="538.0" VPOS="185.0" WIDTH="2093.0" HEIGHT="98.0" />
          </TextLine>
          <TextLine ID="eSc_line_404223eb" TAGREFS="LT76" BASELINE="553 341 1161 326 2657 326" HPOS="547.0" VPOS="274.0" WIDTH="2108.0" HEIGHT="96.0">
            <Shape><Polygon POINTS="550 370 952 355 1349 355 1369 367 1375 370 1378 370 1381 370 1384 370 1424 364 1522 352 2649 355 2655 324 2652 283 570 274 567 274 564 274 561 274 547 283 550 338" /></Shape>
	    <String CONTENT="&lt;......................................&gt; de discipliner ses for¬" HPOS="547.0" VPOS="274.0" WIDTH="2108.0" HEIGHT="96.0" />
          </TextLine>
          <TextLine ID="eSc_line_3c6bfde2" TAGREFS="LT76" BASELINE="547 422 1410 402 2600 405" HPOS="541.0" VPOS="361.0" WIDTH="2056.0" HEIGHT="70.0">
            <Shape><Polygon POINTS="544 419 544 431 2594 428 2597 402 2594 364 573 361 570 361 567 361 541 373 544 419" /></Shape>
	    <String CONTENT="ces en vue d'une action commune. Il n'a point conscience de" HPOS="541.0" VPOS="361.0" WIDTH="2056.0" HEIGHT="70.0" />
          </TextLine>
          <TextLine ID="eSc_line_864a0fb8" TAGREFS="LT76" BASELINE="544 506 1346 480 2655 488" HPOS="538.0" VPOS="425.0" WIDTH="2114.0" HEIGHT="101.0">
            <Shape><Polygon POINTS="541 503 541 526 1259 506 2646 517 2652 486 2649 448 2550 448 2501 425 2492 425 2414 445 2255 445 2232 425 2023 442 1974 425 1780 442 1740 428 1731 428 1667 445 1638 428 1328 442 1268 428 1129 451 1024 431 969 451 969 454 628 454 584 434 576 434 538 448 541 503" /></Shape>
	    <String CONTENT="former une classe distincte. Il est en dehors de la société com¬" HPOS="538.0" VPOS="425.0" WIDTH="2114.0" HEIGHT="101.0" />
          </TextLine>
          <TextLine ID="eSc_line_b378f8e2" TAGREFS="LT77" BASELINE="1564 530 1789 523" HPOS="1560.0" VPOS="486.0" WIDTH="226.0" HEIGHT="66.0">
            <Shape><Polygon POINTS="1563 529 1563 552 1786 535 1786 520 1777 486 1560 491 1563 529" /></Shape>
	    <String CONTENT="public" HPOS="1560.0" VPOS="486.0" WIDTH="226.0" HEIGHT="66.0" />
          </TextLine>
          <TextLine ID="eSc_line_198a558f" TAGREFS="LT76" BASELINE="544 584 2660 561" HPOS="538.0" VPOS="506.0" WIDTH="2119.0" HEIGHT="98.0">
            <Shape><Polygon POINTS="1696 526 1580 529 1575 520 1465 532 1384 517 1375 517 1357 532 1036 523 1004 541 790 541 689 526 538 543 541 604 2655 593 2657 558 2652 520 2568 506 2559 506 2542 523 2365 523 2313 509 2304 509 2255 523 2177 509 2102 526 2096 526 2081 512 1916 512 1899 529 1743 529 1716 523 1696 526" /></Shape>
	    <String CONTENT="me il est en dehors du droit &lt;........&gt;. Les constitutions urbai¬" HPOS="538.0" VPOS="506.0" WIDTH="2119.0" HEIGHT="98.0" />
          </TextLine>
          <TextLine ID="eSc_line_35516d2e" TAGREFS="LT76" BASELINE="547 671 2652 651" HPOS="541.0" VPOS="610.0" WIDTH="2108.0" HEIGHT="93.0">
            <Shape><Polygon POINTS="544 668 544 688 888 703 891 703 967 688 987 685 1016 688 1123 700 1126 700 1190 688 1204 685 1233 688 1355 697 1357 697 1360 697 1363 697 1375 685 1384 682 1433 685 1566 697 1569 697 1635 685 1673 679 2643 679 2649 651 2640 610 541 622 544 668" /></Shape>
	    <String CONTENT="nes ne lui font aucune place. Aussi conservatrices dans le do¬" HPOS="541.0" VPOS="610.0" WIDTH="2108.0" HEIGHT="93.0" />
          </TextLine>
          <TextLine ID="eSc_line_a0254e0b" TAGREFS="LT76" BASELINE="544 769 1670 743 2608 737" HPOS="538.0" VPOS="685.0" WIDTH="2067.0" HEIGHT="116.0">
            <Shape><Polygon POINTS="541 766 541 786 888 801 984 781 1082 798 1082 795 1103 778 1256 795 1334 775 1337 772 1517 772 1537 786 1546 786 1968 763 2012 763 2154 778 2177 763 2278 778 2336 760 2498 775 2498 772 2516 755 2602 752 2605 734 2600 694 2203 685 2055 700 1994 685 1850 703 1792 688 1575 708 1247 697 1172 714 1068 700 958 717 709 708 694 726 538 726 541 766" /></Shape>
	    <String CONTENT="maine politique que dans le domaine économique," HPOS="538.0" VPOS="685.0" WIDTH="2067.0" HEIGHT="116.0" />
          </TextLine>
          <TextLine ID="eSc_line_ea86ab87" TAGREFS="LT77" BASELINE="705 807 764 813" HPOS="700.0" VPOS="769.0" WIDTH="61.0" HEIGHT="67.0">
            <Shape><Polygon POINTS="703 804 700 836 758 827 761 810 761 772 703 769 703 804" /></Shape>
	    <String CONTENT="l'" HPOS="700.0" VPOS="769.0" WIDTH="61.0" HEIGHT="67.0" />
          </TextLine>
          <TextLine ID="eSc_line_d48239db" TAGREFS="LT76" BASELINE="547 859 2660 830" HPOS="541.0" VPOS="778.0" WIDTH="2116.0" HEIGHT="113.0">
            <Shape><Polygon POINTS="544 856 544 876 749 891 752 891 836 876 848 873 862 873 932 888 935 888 1030 873 1053 870 1077 873 1172 885 1175 885 1247 870 1271 865 2655 856 2657 827 2652 792 2336 778 2333 778 2159 795 2081 781 2078 781 2076 781 2012 795 1879 784 1876 784 1748 801 1702 786 1699 786 1696 786 1161 810 845 798 842 798 738 815 587 801 584 801 581 801 541 815 544 856" /></Shape>
	    <String CONTENT="elles excluent soigneusement de toute participation au pou¬" HPOS="541.0" VPOS="778.0" WIDTH="2116.0" HEIGHT="113.0" />
          </TextLine>
          <TextLine ID="eSc_line_ef75c3ef" TAGREFS="LT76" BASELINE="535 946 2660 911" HPOS="529.0" VPOS="865.0" WIDTH="2128.0" HEIGHT="115.0">
            <Shape><Polygon POINTS="532 943 532 960 674 980 683 980 712 957 932 957 1001 975 1108 954 1129 954 1230 972 1253 954 1314 969 1412 951 1572 960 1595 946 1725 963 1792 943 1931 960 2333 934 2382 951 2657 937 2657 908 2649 865 529 899 532 943" /></Shape>
	    <String CONTENT="voir municipal. Les cadres de la bourgeoisie restent au XIVe" HPOS="529.0" VPOS="865.0" WIDTH="2128.0" HEIGHT="115.0" />
          </TextLine>
          <TextLine ID="eSc_line_65d35045" TAGREFS="LT76" BASELINE="553 1032 2660 1018" HPOS="547.0" VPOS="960.0" WIDTH="2110.0" HEIGHT="107.0">
            <Shape><Polygon POINTS="550 1030 550 1061 822 1050 941 1067 1013 1047 1053 1061 1085 1061 1245 1047 1262 1058 1262 1061 1271 1061 1392 1044 1815 1061 1896 1041 1963 1058 2078 1041 2238 1056 2267 1038 2339 1056 2657 1053 2657 1015 2652 977 2437 977 2420 960 2232 977 2116 963 2078 980 1809 980 1771 966 1763 966 1731 980 1522 966 1459 980 1395 966 1328 983 975 969 969 975 946 986 547 975 550 1030" /></Shape>
	    <String CONTENT="siècle ce qu'ils étaient été au XIVe. Les « membres » du corps com¬" HPOS="547.0" VPOS="960.0" WIDTH="2110.0" HEIGHT="107.0" />
          </TextLine>
          <TextLine ID="eSc_line_9645a4d0" TAGREFS="LT76" BASELINE="550 1122 2655 1113" HPOS="544.0" VPOS="1056.0" WIDTH="2108.0" HEIGHT="98.0">
            <Shape><Polygon POINTS="547 1119 547 1154 2649 1134 2652 1111 2649 1073 2608 1056 2605 1056 2602 1056 2600 1056 2536 1070 2423 1056 2420 1056 2417 1056 2371 1073 1945 1073 1297 1058 1294 1058 1291 1058 1288 1058 1268 1073 1033 1061 1030 1061 862 1076 825 1061 822 1061 819 1061 816 1061 813 1061 796 1076 602 1064 599 1064 596 1064 544 1079 547 1119" /></Shape>
	    <String CONTENT="munal ne subissent pas la moindre modification alors" HPOS="544.0" VPOS="1056.0" WIDTH="2108.0" HEIGHT="98.0" />
          </TextLine>
          <TextLine ID="eSc_line_22f2aa64" TAGREFS="LT76" BASELINE="553 1223 1216 1206 2652 1212" HPOS="547.0" VPOS="1154.0" WIDTH="2102.0" HEIGHT="95.0">
            <Shape><Polygon POINTS="550 1220 550 1249 692 1232 732 1247 735 1247 738 1247 897 1232 1062 1247 1068 1247 1071 1247 1074 1247 1132 1232 1172 1247 1175 1247 1178 1247 1181 1247 1192 1247 1326 1232 1641 1244 1757 1247 1760 1247 1763 1247 1783 1244 1827 1232 1896 1241 1937 1247 1939 1247 1992 1241 2067 1232 2113 1241 2151 1247 2154 1247 2646 1235 2649 1209 2646 1171 1233 1154 1230 1154 1149 1168 1033 1154 1030 1154 955 1168 773 1154 770 1154 547 1171 550 1220" /></Shape>
	    <String CONTENT="que tout a changé autour d'eux. Malgré le dépérissement" HPOS="547.0" VPOS="1154.0" WIDTH="2102.0" HEIGHT="95.0" />
          </TextLine>
          <TextLine ID="eSc_line_2d214526" TAGREFS="LT76" BASELINE="544 1313 1870 1302 2660 1310" HPOS="538.0" VPOS="1249.0" WIDTH="2119.0" HEIGHT="84.0">
            <Shape><Polygon POINTS="541 1310 541 1330 2652 1333 2657 1307 2652 1264 2345 1264 2342 1264 2313 1249 2310 1249 2307 1249 2159 1264 2154 1264 2122 1249 2119 1249 2116 1249 2015 1264 1890 1249 1887 1249 1731 1264 1583 1249 1580 1249 1462 1267 1459 1267 1450 1267 1103 1252 1100 1252 1097 1252 1048 1267 1010 1252 1007 1252 1004 1252 857 1267 833 1252 830 1252 828 1252 596 1252 593 1252 590 1252 538 1267 541 1310" /></Shape>
	    <String CONTENT="de la draperie, le métier des tisserands, conserve son ancien¬" HPOS="538.0" VPOS="1249.0" WIDTH="2119.0" HEIGHT="84.0" />
          </TextLine>
          <TextLine ID="eSc_line_1b34e59e" TAGREFS="LT76" BASELINE="538 1397 1342 1411 1342 1411 2611 1403" HPOS="532.0" VPOS="1354.0" WIDTH="2076.0" HEIGHT="86.0">
            <Shape><Polygon POINTS="535 1394 532 1423 715 1440 718 1440 804 1426 967 1440 969 1440 2605 1423 2608 1400 2602 1359 535 1354 535 1394" /></Shape>
	    <String CONTENT="ne influence aux assemblées générales de la commune." HPOS="532.0" VPOS="1354.0" WIDTH="2076.0" HEIGHT="86.0" WC="0.9924795767840218" />
          </TextLine>
          <TextLine ID="eSc_line_cb1e52ac" TAGREFS="LT76" BASELINE="541 1490 1499 1504 2660 1495" HPOS="535.0" VPOS="1437.0" WIDTH="2122.0" HEIGHT="102.0">
            <Shape><Polygon POINTS="538 1487 535 1516 616 1536 706 1519 859 1536 923 1519 935 1519 1204 1539 2655 1521 2657 1492 2649 1440 2559 1458 2533 1440 2521 1440 2466 1458 2417 1443 2217 1458 2191 1440 2180 1440 2136 1458 1795 1443 1641 1458 1580 1443 1569 1443 1549 1461 1103 1461 1033 1440 1024 1440 981 1455 871 1437 830 1455 538 1437 538 1487" /></Shape>
	    <String CONTENT="La place faite aux différents métiers dans l'organisme ad¬" HPOS="535.0" VPOS="1437.0" WIDTH="2122.0" HEIGHT="102.0" />
          </TextLine>
          <TextLine ID="eSc_line_61ded3a5" TAGREFS="LT76" BASELINE="538 1579 1728 1588 2634 1573" HPOS="532.0" VPOS="1527.0" WIDTH="2099.0" HEIGHT="96.0">
            <Shape><Polygon POINTS="535 1576 535 1605 1520 1620 1522 1620 1525 1620 1569 1605 1572 1605 1577 1605 1688 1620 1690 1620 1693 1620 1734 1605 1748 1620 1751 1620 1754 1620 1757 1623 1908 1623 1908 1620 2113 1605 2116 1605 2122 1605 2316 1620 2319 1620 2322 1620 2368 1605 2414 1620 2417 1620 2420 1620 2521 1605 2553 1620 2556 1620 2559 1620 2629 1602 2631 1571 2623 1527 532 1530 535 1576" /></Shape>
	    <String CONTENT="ministratif reste mesurée à leur importance passée, non à" HPOS="532.0" VPOS="1527.0" WIDTH="2099.0" HEIGHT="96.0" />
          </TextLine>
          <TextLine ID="eSc_line_d4f02e56" TAGREFS="LT76" BASELINE="538 1672 2530 1681" HPOS="535.0" VPOS="1617.0" WIDTH="1992.0" HEIGHT="107.0">
            <Shape><Polygon POINTS="535 1669 535 1695 741 1695 793 1718 906 1695 1071 1695 1149 1718 1262 1698 1378 1712 1430 1698 1456 1715 1653 1701 1711 1721 1841 1704 1908 1724 2524 1704 2527 1678 2524 1640 2316 1640 2316 1637 2298 1623 2197 1637 1682 1637 1682 1634 1664 1620 1418 1634 1386 1634 1343 1620 1245 1634 1195 1634 990 1617 981 1617 961 1631 605 1617 535 1628 535 1669" /></Shape>
	    <String CONTENT="leur importance présente. &lt;.............&gt; Qu'une" HPOS="535.0" VPOS="1617.0" WIDTH="1992.0" HEIGHT="107.0" />
          </TextLine>
          <TextLine ID="eSc_line_15a89937" TAGREFS="LT76" BASELINE="544 1767 2663 1790" HPOS="538.0" VPOS="1707.0" WIDTH="2122.0" HEIGHT="121.0">
            <Shape><Polygon POINTS="541 1764 538 1790 564 1808 579 1808 608 1790 654 1805 804 1790 1137 1814 1233 1799 1250 1799 1355 1817 1363 1817 1389 1799 1470 1817 1595 1802 1725 1819 2241 1825 2348 1808 2417 1828 2574 1811 2655 1822 2660 1788 2660 1747 2414 1747 2388 1724 2194 1741 2174 1741 2154 1727 1910 1738 1853 1738 1716 1721 1621 1736 1601 1736 1514 1715 1343 1733 1317 1712 1230 1730 1120 1715 1082 1730 1074 1730 1010 1709 654 1724 573 1707 541 1721 541 1764" /></Shape>
	    <String CONTENT="branche d'industrie languisse ou prospère, les corporations" HPOS="538.0" VPOS="1707.0" WIDTH="2122.0" HEIGHT="121.0" WC="0.9961954470266375" />
          </TextLine>
          <TextLine ID="eSc_line_1cc798f4" TAGREFS="LT76" BASELINE="544 1869 2600 1883" HPOS="541.0" VPOS="1822.0" WIDTH="2056.0" HEIGHT="96.0">
            <Shape><Polygon POINTS="541 1866 541 1906 668 1895 764 1909 773 1909 775 1909 778 1909 781 1909 819 1895 862 1909 865 1909 868 1909 874 1909 949 1895 2591 1918 2597 1880 2594 1840 541 1822 541 1866" /></Shape>
	    <String CONTENT="qui la représentent continueront à jouir de leurs droits" HPOS="541.0" VPOS="1822.0" WIDTH="2056.0" HEIGHT="96.0" WC="0.9951645710251548" />
          </TextLine>
          <TextLine ID="eSc_line_44289b5a" TAGREFS="LT76" BASELINE="541 1967 1279 1964 1803 1984 2672 1987" HPOS="535.0" VPOS="1918.0" WIDTH="2134.0" HEIGHT="110.0">
            <Shape><Polygon POINTS="538 1964 535 1984 593 1987 622 2013 634 2013 715 1990 1100 2005 1314 1993 1357 1993 1386 2016 1398 2016 1473 1999 1659 2019 1838 2007 2188 2022 2217 2005 2342 2025 2345 2028 2568 2028 2568 2025 2666 2007 2669 1984 2657 1924 2637 1938 2466 1924 2440 1924 2382 1938 2365 1924 2261 1938 2217 1921 2209 1921 2168 1935 2035 1921 2009 1938 1847 1938 1771 1921 1745 1921 1641 1932 1621 1918 1540 1932 1465 1918 538 1918 538 1964" /></Shape>
	    <String CONTENT="acquis et sanctionnés par leurs privilèges. Ainsi, la repré¬" HPOS="535.0" VPOS="1918.0" WIDTH="2134.0" HEIGHT="110.0" />
          </TextLine>
          <TextLine ID="eSc_line_3d33b29b" TAGREFS="LT76" BASELINE="532 2054 2620 2086" HPOS="526.0" VPOS="1999.0" WIDTH="2091.0" HEIGHT="118.0">
            <Shape><Polygon POINTS="529 2051 526 2068 773 2077 799 2094 810 2094 848 2080 1279 2080 1305 2097 1441 2088 1473 2109 1575 2088 1664 2112 1876 2100 1922 2115 1931 2115 1980 2097 2099 2115 2235 2103 2611 2117 2617 2083 2614 2034 1858 2034 1577 2013 1505 2028 1285 2007 1108 2022 1088 2005 903 2019 865 2002 718 2016 668 1999 529 2013 529 2051" /></Shape>
	    <String CONTENT="sentation des intérêts que le régime démocratique" HPOS="526.0" VPOS="1999.0" WIDTH="2091.0" HEIGHT="118.0" />
          </TextLine>
          <TextLine ID="eSc_line_fa9bbc03" TAGREFS="LT76" BASELINE="526 2155 1120 2149 1887 2164 2455 2184 2666 2210" HPOS="521.0" VPOS="2083.0" WIDTH="2142.0" HEIGHT="139.0">
            <Shape><Polygon POINTS="524 2152 521 2172 822 2164 990 2193 1059 2170 1195 2190 1204 2190 1233 2172 1311 2187 1430 2175 1450 2193 1450 2196 1546 2178 1566 2193 1925 2187 2018 2210 2038 2210 2157 2190 2278 2216 2657 2222 2663 2207 2663 2146 2516 2143 2478 2123 2377 2138 2359 2123 2359 2120 2212 2135 2180 2115 2168 2115 2125 2126 2052 2109 2044 2109 1994 2126 1858 2106 1737 2123 1627 2103 1575 2117 1439 2097 1288 2112 1198 2094 1135 2115 1120 2115 1024 2097 978 2112 958 2094 842 2109 822 2086 810 2086 744 2106 645 2083 524 2100 524 2152" /></Shape>
	    <String CONTENT="s'était ingénié à établir dans les villes n'est plus qu'une" HPOS="521.0" VPOS="2083.0" WIDTH="2142.0" HEIGHT="139.0" />
          </TextLine>
          <TextLine ID="eSc_line_0e21ccb9" TAGREFS="LT76" BASELINE="544 2239 2166 2271 2166 2271 2637 2268" HPOS="538.0" VPOS="2178.0" WIDTH="2096.0" HEIGHT="136.0">
            <Shape><Polygon POINTS="541 2236 538 2259 581 2279 590 2279 639 2265 660 2279 764 2265 1007 2288 1418 2277 1520 2297 1780 2282 2304 2311 2394 2294 2466 2314 2631 2294 2634 2265 2629 2213 2495 2230 2472 2216 2151 2224 2119 2207 2104 2204 2015 2222 1974 2201 1522 2213 1491 2193 1479 2193 1412 2210 990 2184 894 2201 828 2181 819 2181 767 2201 665 2201 639 2178 541 2196 541 2236" /></Shape>
	    <String CONTENT="caricature. Figée dans l'immobilité elle ne répond plus" HPOS="538.0" VPOS="2178.0" WIDTH="2096.0" HEIGHT="136.0" />
          </TextLine>
          <TextLine ID="eSc_line_e8ba26d6" TAGREFS="LT76" BASELINE="535 2349 2660 2366" HPOS="532.0" VPOS="2297.0" WIDTH="2125.0" HEIGHT="98.0">
            <Shape><Polygon POINTS="532 2346 532 2381 712 2369 848 2384 885 2387 888 2387 955 2384 1172 2372 1656 2387 1951 2395 1954 2395 2655 2389 2657 2363 2655 2326 2576 2308 2574 2308 2217 2320 2209 2320 2188 2305 2186 2305 2183 2305 2180 2305 1983 2320 1954 2320 1939 2320 1844 2303 1841 2303 1650 2317 1624 2317 1604 2317 1485 2300 1482 2300 1276 2314 1247 2314 1242 2314 1221 2297 1218 2297 1216 2297 1213 2297 532 2305 532 2346" /></Shape>
	    <String CONTENT="&lt;................&gt; aux besoins de l'époque. Les institutions" HPOS="532.0" VPOS="2297.0" WIDTH="2125.0" HEIGHT="98.0" />
          </TextLine>
          <TextLine ID="eSc_line_ddbb6bd0" TAGREFS="LT76" BASELINE="532 2450 2660 2473" HPOS="526.0" VPOS="2389.0" WIDTH="2131.0" HEIGHT="116.0">
            <Shape><Polygon POINTS="529 2447 526 2473 2652 2505 2657 2470 2655 2427 2440 2410 2437 2410 2380 2424 2368 2424 2342 2421 2212 2410 2209 2410 2035 2418 1994 2421 1992 2418 1974 2404 1971 2404 1968 2404 1965 2404 1488 2415 1395 2415 1378 2413 1282 2395 1279 2395 1108 2410 1079 2413 1071 2410 1016 2392 1013 2392 1010 2392 859 2410 839 2410 833 2410 796 2389 793 2389 790 2389 529 2404 529 2447" /></Shape>
	    <String CONTENT="établies subsistent immuables et l'on ne s'inquiète pas de" HPOS="526.0" VPOS="2389.0" WIDTH="2131.0" HEIGHT="116.0" />
          </TextLine>
          <TextLine ID="eSc_line_923ddf87" TAGREFS="LT76" BASELINE="538 2546 2646 2572" HPOS="532.0" VPOS="2491.0" WIDTH="2111.0" HEIGHT="115.0">
            <Shape><Polygon POINTS="535 2543 532 2569 790 2586 848 2572 874 2589 885 2589 943 2572 1030 2589 1305 2580 1320 2595 1328 2595 1485 2580 1740 2601 1899 2583 1939 2604 2148 2589 2183 2606 2640 2598 2643 2569 2640 2531 2307 2528 2301 2522 2275 2511 2223 2522 2177 2508 2044 2520 1980 2522 1549 2502 1543 2502 1514 2517 1441 2499 1415 2505 1398 2514 1158 2496 1108 2511 961 2496 909 2494 770 2508 535 2491 535 2543" /></Shape>
	    <String CONTENT="savoir si elles s'adaptent encore à la réalité et répartis¬" HPOS="532.0" VPOS="2491.0" WIDTH="2111.0" HEIGHT="115.0" />
          </TextLine>
          <TextLine ID="eSc_line_ec709673" TAGREFS="LT76" BASELINE="544 2650 2172 2676 2172 2676 2657 2673" HPOS="538.0" VPOS="2595.0" WIDTH="2117.0" HEIGHT="110.0">
            <Shape><Polygon POINTS="541 2647 538 2673 2649 2705 2655 2670 2652 2635 2574 2618 2571 2618 2492 2632 2478 2632 2466 2630 2388 2612 2385 2612 2301 2627 2284 2630 2197 2630 2191 2627 2171 2609 2168 2609 2165 2609 2076 2609 2073 2609 2070 2609 2067 2609 2047 2624 2041 2627 2009 2621 1951 2612 1948 2612 1884 2618 1841 2624 1824 2618 1795 2606 1792 2606 1789 2606 1786 2606 1783 2606 1771 2618 1766 2621 1745 2618 1693 2606 1690 2606 1601 2615 1549 2618 1508 2612 1424 2598 1421 2598 1198 2606 1027 2612 541 2595 541 2647" /></Shape>
	    <String CONTENT="sent exactement les droits et les devoirs. En fait, l'organisa¬" HPOS="538.0" VPOS="2595.0" WIDTH="2117.0" HEIGHT="110.0" />
          </TextLine>
          <TextLine ID="eSc_line_504e7c22" TAGREFS="LT76" BASELINE="529 2739 1514 2748 2672 2774" HPOS="524.0" VPOS="2673.0" WIDTH="2145.0" HEIGHT="136.0">
            <Shape><Polygon POINTS="526 2737 524 2760 770 2780 984 2766 1520 2786 1540 2786 1624 2774 1740 2794 1757 2789 1780 2777 1879 2794 1925 2780 2041 2800 2301 2786 2663 2809 2669 2771 2669 2716 2463 2702 2455 2702 2420 2725 2353 2725 2278 2699 2267 2699 2241 2719 2067 2719 1994 2693 1905 2711 1815 2693 1777 2713 1650 2713 1430 2685 1308 2705 1276 2682 1129 2679 1123 2679 1088 2699 917 2699 917 2696 897 2679 810 2696 799 2696 738 2676 622 2693 602 2676 602 2673 590 2673 526 2690 526 2737" /></Shape>
	    <String CONTENT="tion urbaine &lt;....&gt; en demeurant telle que l'avait faite" HPOS="524.0" VPOS="2673.0" WIDTH="2145.0" HEIGHT="136.0" />
          </TextLine>
          <TextLine ID="eSc_line_58179ccd" TAGREFS="LT76" BASELINE="535 2841 1989 2849 2678 2875" HPOS="532.0" VPOS="2774.0" WIDTH="2143.0" HEIGHT="128.0">
            <Shape><Polygon POINTS="532 2838 532 2873 833 2864 1004 2881 1036 2881 1100 2867 1143 2887 1282 2887 1282 2884 1412 2870 1508 2890 1589 2873 1722 2887 1861 2875 1937 2896 2061 2878 2194 2899 2333 2881 2394 2896 2406 2896 2429 2881 2507 2902 2524 2902 2559 2887 2669 2902 2675 2873 2672 2821 2446 2821 2316 2794 2246 2809 1864 2794 1757 2809 1676 2786 1522 2803 1447 2783 1262 2803 1204 2780 1195 2780 1126 2797 1111 2783 1103 2783 975 2800 920 2783 729 2797 677 2774 532 2774 532 2838" /></Shape>
	    <String CONTENT="&lt;.........................&gt; le « commun » au XIVe siècle, est" HPOS="532.0" VPOS="2774.0" WIDTH="2143.0" HEIGHT="128.0" />
          </TextLine>
          <TextLine ID="eSc_line_272fabe1" TAGREFS="LT76" BASELINE="526 2942 1939 2948 2660 2968" HPOS="524.0" VPOS="2881.0" WIDTH="2133.0" HEIGHT="116.0">
            <Shape><Polygon POINTS="524 2939 524 2977 677 2962 700 2977 807 2965 906 2983 926 2983 958 2965 1056 2965 1108 2985 1146 2985 1349 2968 1389 2983 1664 2971 1728 2988 1890 2974 2018 2994 2049 2994 2200 2980 2241 2994 2249 2994 2272 2983 2652 2997 2657 2965 2657 2919 2614 2899 2605 2899 2547 2919 2342 2919 2267 2910 2018 2893 1954 2910 1792 2893 1699 2910 1508 2910 1447 2890 1378 2907 1308 2887 741 2902 524 2881 524 2939" /></Shape>
	    <String CONTENT="devenue, par la force des circonstances, purement aristo¬" HPOS="524.0" VPOS="2881.0" WIDTH="2133.0" HEIGHT="116.0" />
          </TextLine>
          <TextLine ID="eSc_line_c28722f0" TAGREFS="LT76" BASELINE="532 3049 2018 3049 2611 3070 2683 3097" HPOS="526.0" VPOS="2983.0" WIDTH="2155.0" HEIGHT="115.0">
            <Shape><Polygon POINTS="529 3046 526 3064 642 3066 674 3087 781 3069 857 3084 865 3084 883 3069 1071 3069 1129 3090 1140 3090 1169 3069 1349 3092 1589 3072 1624 3084 1661 3092 1716 3072 1925 3095 1986 3090 2093 3075 2675 3098 2681 3095 2681 3014 2128 3014 2064 2994 1937 3009 1893 2991 1795 3011 1734 2994 1569 3009 1537 2988 1525 2988 1456 3009 1230 3009 1230 3006 1198 2988 1062 3006 1036 2985 778 3003 732 2983 723 2983 665 3006 529 3006 529 3046" /></Shape>
	    <String CONTENT="cratique. &lt;............................................&gt;" HPOS="526.0" VPOS="2983.0" WIDTH="2155.0" HEIGHT="115.0" />
          </TextLine>
          <TextLine ID="eSc_line_b1f58439" TAGREFS="LT76" BASELINE="521 3136 2660 3147" HPOS="515.0" VPOS="3078.0" WIDTH="2142.0" HEIGHT="101.0">
            <Shape><Polygon POINTS="518 3133 515 3156 625 3173 628 3173 920 3162 949 3162 975 3162 1178 3176 1181 3176 1450 3168 1566 3165 2652 3179 2657 3145 2655 3101 1372 3101 1311 3084 1300 3084 1297 3084 1265 3084 1053 3098 920 3098 903 3081 900 3081 897 3081 894 3081 883 3081 680 3095 518 3078 518 3133" /></Shape>
	    <String CONTENT="L'évolution économique et sociale a eu pour résultat de l'a¬" HPOS="515.0" VPOS="3078.0" WIDTH="2142.0" HEIGHT="101.0" />
          </TextLine>
          <TextLine ID="eSc_line_2eb49011" TAGREFS="LT76" BASELINE="524 3231 1890 3251 1890 3251 2611 3243" HPOS="521.0" VPOS="3188.0" WIDTH="2087.0" HEIGHT="95.0">
            <Shape><Polygon POINTS="521 3228 521 3255 987 3255 1039 3260 1120 3272 1123 3272 1224 3263 1308 3257 1346 3266 1384 3275 1386 3275 1389 3275 1479 3269 1569 3260 1606 3269 1638 3278 1641 3278 2064 3281 2067 3281 2070 3281 2078 3278 2104 3266 2209 3278 2232 3281 2235 3281 2238 3281 2243 3281 2287 3266 2437 3283 2461 3283 2463 3283 2466 3283 2472 3283 2524 3269 2602 3283 2608 3240 2600 3194 2290 3205 2249 3191 2246 3191 2243 3191 2241 3191 2206 3191 1965 3202 1876 3191 1853 3188 521 3188 521 3228" /></Shape>
	    <String CONTENT="bandonner entièrement à &lt;.......&gt; une minorité de" HPOS="521.0" VPOS="3188.0" WIDTH="2087.0" HEIGHT="95.0" />
          </TextLine>
          <TextLine ID="eSc_line_443d866c" TAGREFS="LT76" BASELINE="532 3330 2625 3327 2687 3341" HPOS="526.0" VPOS="3263.0" WIDTH="2160.0" HEIGHT="113.0">
            <Shape><Polygon POINTS="529 3327 532 3376 616 3353 689 3373 773 3359 865 3373 897 3353 1068 3373 1166 3370 1190 3353 1392 3353 1436 3370 1534 3356 1630 3373 1679 3356 1737 3370 1827 3356 1873 3373 1980 3356 2003 3373 2012 3376 2113 3376 2113 3373 2119 3373 2142 3359 2168 3373 2174 3373 2391 3353 2501 3373 2576 3353 2681 3373 2686 3338 2684 3289 2391 3289 2385 3283 2345 3266 2336 3266 2298 3286 2272 3266 2258 3266 2226 3286 2142 3269 2026 3286 1887 3269 1815 3286 1627 3272 1456 3286 1389 3263 1097 3263 1068 3289 943 3289 903 3266 885 3269 845 3286 819 3269 807 3269 767 3283 526 3266 529 3327" /></Shape>
	    <String CONTENT="groupes privilégiés. &lt;..................&gt; La bourgeoisie" HPOS="526.0" VPOS="3263.0" WIDTH="2160.0" HEIGHT="113.0" />
          </TextLine>
        </TextBlock>
      </PrintSpace>
    </Page>
  </Layout>
</alto>