2713 3482
2463.0 49.0 107.0 104.0 113

589.0 2.0 1801.0 105.0 Et les administrateurs sortis de cette minorité sont, en fait,

519.0 43.0 1874.0 119.0 <... .... ........ ... ................ ....>

517.0 124.0 2140.0 137.0 <.......................> irresponsables. Leur gestion échappe

519.0 214.0 2144.0 140.0 à tout contrôle; ils ne rendent de comptes à personne. Eux

508.0 322.0 2146.0 119.0 seuls décident de la nécessité de lever de nouveaux

511.0 406.0 2138.0 139.0 impôts, de contracter des emprunts, d'entreprendre

522.0 504.0 2077.0 131.0 des œuvres d'utilité générale ou d'embellissement.

607.0 591.0 1995.0 148.0 <.............................................>

531.0 693.0 2126.0 133.0 <............> Il va de soi, pourtant, que le patriciat ne

537.0 774.0 2138.0 154.0 pouvait consentir à abandonner les destinées des villes

540.0 864.0 2126.0 154.0 à un petit groupe de magistrats tout puissants. Le ca¬

540.0 986.0 2112.0 125.0 ractère viager des fonctions échevinales eût, à la longue,

2100.0 1044.0 238.0 70.0 quelques

540.0 1076.0 2112.0 128.0 abandonné celles-ci comme un fief  à <...................>

540.0 1183.0 2114.0 116.0 <..> familles, si des mesures de tout genre n'avaient été

543.0 1285.0 2106.0 125.0 prisés pour parer au danger. La principale d'entre elles

534.0 1384.0 2094.0 104.0 est l'institution de l'échevinage annuel qui, établi

537.0 1488.0 2109.0 110.0 à Arras dès la fin du XIIe siècle, se répand dans les an¬

540.0 1584.0 2077.0 122.0 nées suivantes à toute la Flandre, d'où il passe

534.0 1674.0 2088.0 110.0 ensuite au Brabant. Dès lors, tous les membres du

543.0 1764.0 2085.0 136.0 patriciat peuvent arriver à leur tour au manie¬

551.0 1874.0 2080.0 131.0 ment des affaires. Ils <...> y participent même d'au¬

557.0 1978.0 2060.0 134.0 tant plus largement qu'après l'introduction du

569.0 2063.0 2077.0 145.0 principe de l'annalité, le « magistrat urbain » s'élar¬

578.0 2173.0 2079.0 139.0 git considérablement. A côté des échevins en fonctions,

566.0 2289.0 2100.0 116.0 <........> on voit maintenant se constituer un con¬

551.0 2382.0 2095.0 122.0 seil habituellement composé des échevins de l'an¬

551.0 2483.0 2077.0 111.0 née précédente. D'autre part, on s'ingénie à travers

566.0 2588.0 2074.0 104.0 un système de roulement des magistratures desti¬

572.0 2695.0 2082.0 113.0 né à appeler au gouvernement urbain le plus grand

569.0 2794.0 2053.0 101.0 nombre possible de représentants du patriciat. A

1257.0 2863.0 221.0 61.0 viagers

560.0 2890.0 2071.0 119.0 Liège, les échevins <.........>, et les jurés annuels, de¬

566.0 2994.0 2091.0 104.0 vaient être pris parmi les différents « vinaves » de la

578.0 3087.0 2044.0 116.0 ville. En Brabant, les diverses familles de l'aristocra¬

580.0 3191.0 2034.0 111.0 tie bourgeoise se constituèrent en groupements dési¬

598.0 3287.0 2109.0 125.0 gnés sous le nom de « lignages » ou de geslachten. Le nombre
