2713 3511
2616 67 76 111 55

579 49 2016 91 s'y sont d'elles-mêmes adaptées et dans la ville

614 131 2046 120 pas plus que dans le fief, il n'est possible de dis¬

1369 201 82 71 ni

591 228 2086 96 tinguer au début, l'action d'un caractère natio¬

594 307 1890 105 nal particulier ni l'action d'un législateur.

711 424 1952 105 C'est seulement dans les localités où l'activité

611 509 2052 117 commerciale s'est développée de bonne heure et avec

614 605 2043 91 une intensité assez grande pour y attirer de nom¬

602 690 2070 99 breux immigrants que sont nées les institutions mu¬

602 778 2052 102 nicipales. Sans doute, à partir de la fin du Xne siècle,

614 860 2060 114 les villes se sont éparpillées à travers tous les Pays-Bas.

611 962 2052 103 mais <.......................................>

608 1062 2055 102 à y regarder de près, on s'aperçoit que la plupart d'entre

614 1152 2049 85 elles sont que <................> des villes de formation secon¬

728 1129 100 50 ne

1372 1123 152 59 <....>

1559 1123 82 73 que

614 1243 2055 102 daire. Parti de quelques centres privilégiés le mouvement

614 1337 2060 96 urbain a gagné de proche en proche à mesure que se ré¬

623 1433 2051 85 pandait l'activité commerciale et économique et

626 1521 2057 111 qu'elle pénétrait <................> plus profondément

629 1615 2057 108 dans le corps social. La bourgeoisie <........> s'est répan¬

620 1708 2019 94 due comme elle. Du bord des fleuves où elle apparaît

614 1802 2019 108 tout d'abord, elle remonte <..> le long de leurs affluents,

617 1907 1999 88 se répand les plaines, atteint les montagnes.

608 1995 2055 108 <.....................................> Des petits bourgs, des petits mar¬

617 2091 2040 97 chés locaux, de simples villages même se transforment

614 2194 2040 85 et se donnent ou reçoivent de leurs seigneurs des consti¬

608 2273 2049 99 tutions urbaines. Mais ce n'est pas là qu'il faut étudier

629 2355 2022 111 ces constitutions si l'on veut en saisir la nature propre.

2107 2334 140 71 <.....>

626 2443 2037 122 <..> Ces types dérivés doivent céder la place au type primi¬

629 2536 2034 123 tif et original. C'est pour l'avoir oublié trop souvent

638 2627 2045 117 que l'on a compliqué une question en somme assez sim¬

632 2721 1978 111 ple. On a cru retrouver dans les survivances que les

614 2805 2014 103 villes de seconde formation ont conservées du régime

629 2884 2045 114 domanial et rural, des institutions fort anciennes et

623 3019 2037 102 naturellement ici que de la période créatrice des

614 3101 2060 85 institutions municipales. Plus tard, à partir de la

632 3165 2069 103 fin du XIIe siècle, on a créé des villes de toutes pièces et on leur

632 3230 2051 93 a transporté le droit lentement élaboré dans les villes an¬

620 3303 2008 93 ciennes. Au XIIIe siècle, les comtes de Hollande répandent

620 3364 2028 106 systématiquement dans la Frise qu'ils conquièrent, le droit

635 3434 737 74 des villes hollandaises.
