2713 3552
2573.0 8.0 71.0 63.0 24

621.0 20.0 2047.0 139.0 grandeur (1). Nous en sommes réduits pour nous

616.0 121.0 1519.0 124.0 représenter leur <.....> organisation

2046.0 103.0 252.0 74.0 primitive

2313.0 112.0 364.0 92.0 <.....> à re¬

604.0 204.0 2070.0 121.0 chercher péniblement les traces qu'elle a laissées dans des

598.0 301.0 2058.0 125.0 documents d'époque plus récente. <.......>  Elles sont

589.0 399.0 2082.0 119.0 assez nombreuses pour attester que c'est <....> l'associa¬

583.0 488.0 2070.0 136.0 tion libre <........ ...........> qui constitua

592.0 580.0 2076.0 148.0 parmi eux le premier principe d'ordre. Elle fut pour ces

574.0 686.0 2094.0 130.0 nouveaux venus, pour ces "épaves" étrangers les uns

580.0 754.0 2106.0 145.0 aux autres, le succédané ou, si l'on veut, le remplaçant

571.0 855.0 2103.0 169.0 de l'organisation familiale. Par elle, apparaît dans la

577.0 964.0 2109.0 166.0 population urbaine, à côté des institutions patriar¬

580.0 1074.0 2091.0 148.0 chales qui ont dominé jusqu'alors, une forme nouvelle, <...>

562.0 1160.0 2118.0 195.0 <....> plus artificielle et plus simple en même temps, de grou¬

562.0 1317.0 684.0 115.0 pement social.

633.0 1394.0 2041.0 133.0 Il est vrai que l'association est bien plus ancienne

595.0 1477.0 2079.0 180.0 que la vie urbaine. <..... ..... ... ......> On con¬

2461.0 1545.0 207.0 74.0 remon¬

571.0 1580.0 2097.0 163.0 naît, dès l'époque franque, l'existence de "gildes" <......>

568.0 1669.0 2106.0 157.0 tant à l'antiquité germanique <..............>

574.0 1767.0 2044.0 159.0 <.......... ... ......... .......> Mais ces gildes

565.0 1855.0 2109.0 157.0 primitives ne semblent avoir eu aucun caractère po¬

556.0 1953.0 2121.0 151.0 litique. <...... .... ...... ....... ........... ...>

583.0 2027.0 2032.0 142.0 <...> C'étaient de simples "compagnonnages" dont les

571.0 2113.0 2121.0 151.0 membres s'entraidaient les uns les autres, se réunissaient

568.0 2205.0 2115.0 148.0 pour boire ensemble, et dont le caractère religieux, pay¬

556.0 2291.0 2133.0 151.0 en à l'origine, chrétien dans la suite, était fortement

571.0 2388.0 2085.0 160.0 accusé. Il n'en fut plus de même dans les villes. Ici <..>

565.0 2507.0 2079.0 133.0 l'exercice du commerce transforma complètement

536.0 2607.0 2135.0 136.0 l'institution. Essentiellement voyageurs, les marchands

574.0 2723.0 2082.0 112.0 ne pouvaient se risquer seuls au dehors sans courir le

574.0 2823.0 2070.0 110.0 risque de devenir aussitôt la proie de quelque

580.0 2900.0 2073.0 128.0 pillard. <... ....... .. ....> Ils furent donc

592.0 3060.0 2070.0 160.0 (1). Gilles d'Orval, par exemple, citant par hasard les

568.0 3146.0 2062.0 142.0 premières lignes de la charte donnée par l'évêque de

568.0 3229.0 2082.0 139.0 Liège aux Hutois en 1066, en passe le reste "pour ne pas en¬

568.0 3324.0 744.0 133.0 nuyer ses lecteurs."
