2713 3530
2589.0 0.0 71.0 102.0 18

597.0 50.0 2071.0 138.0 d'une foire, qui a donné naissance aux pre¬

585.0 161.0 2101.0 133.0 mières agglomérations urbaines. Le marché ou la

597.0 244.0 2083.0 138.0 foire sont intermittents; ils n'existent que par l'af¬

597.0 341.0 2077.0 129.0 flux momentané d'acheteurs et de vendeurs ve¬

588.0 441.0 2101.0 123.0 nus de l'extérieur et qui se dispersent soit après quel¬

594.0 529.0 2086.0 132.0 ques heures soit après quelques jours. Tout au contrai¬

582.0 629.0 2098.0 127.0 re, le portus ne se soutient que par une activité com¬

582.0 697.0 2051.0 153.0 merciale ininterrompue. Il est le produit de la

588.0 803.0 2077.0 141.0 circulation même des marchandises. Il naît spon¬

1268.0 900.0 147.0 79.0 transit

591.0 903.0 2045.0 150.0 tanément du <.....> régional. En somme son

600.0 1014.0 2054.0 133.0 apparition est un phénomène <.........> ana

588.0 1109.0 2069.0 144.0 logue à celui qui, de nos jours <.....> fait surgir

576.0 1200.0 2107.0 147.0 tant d'agglomérations nouvelles au croisement

582.0 1306.0 2089.0 158.0 des grandes lignes de chemin de fer, <....> autour des

576.0 1417.0 1669.0 142.0 puits de mine ou des sources de pétrole.

629.0 1506.0 2036.0 153.0 <....> Endroit permanent d'échanges, centre

603.0 1600.0 2077.0 138.0 d'une activité économique nouvelle et contras

597.0 1691.0 2057.0 150.0 tant avec la civilisation agricole et immobile

597.0 1785.0 2089.0 162.0 au milieu de laquelle il se développe, il doit néces¬

591.0 1897.0 2074.0 129.0 sairement obtenir un régime qui lui soit ap¬

588.0 1979.0 2060.0 159.0 proprié. Les marchés et les foires, pendant le peu de

606.0 2097.0 2077.0 132.0 temps qu'ils durent, sont placés sous la protec¬

603.0 2191.0 2057.0 121.0 tion d'un droit d'exception et jouissent d'une

597.0 2265.0 2065.0 164.0 paix spéciale ^(2). Cette paix spéciale, le portus, foire

606.0 2376.0 2062.0 145.0 et marché perpétuel <... .... ...... > en jouira

570.0 2473.0 100.0 77.0 donc

562.0 2473.0 2077.0 156.0 aussi, mais il en jouira perpétuellement. Elle lui

588.0 2653.0 2095.0 171.0 (2) Voir pour ceci le remarquable ouvrage de M. P. Huve¬

617.0 2735.0 1981.0 153.0 lin, Essai historique sur le droit des marchés et des foires.

623.0 2882.0 2045.0 165.0 p. 64, 65. Malheureusement les chroniqueurs de l'é¬

609.0 2971.0 2036.0 161.0 poque, tous gens d'église, s'intéressent trop peu à la

600.0 3053.0 2068.0 144.0 vie commerciale pour que l'on doive s'étonner de ne

591.0 3138.0 2077.0 153.0 pas trouver chez eux autant de renseignements que

588.0 3212.0 2095.0 153.0 l'on voudrait. Il faut tenir compte aussi que la chance

594.0 3291.0 2039.0 156.0 a dû jouer un grand rôle dans la formation des fortunes

606.0 3418.0 532.0 106.0 commerciales.
