2713 3531
2521.0 2.0 86.0 103.0 187

520.0 38.0 2110.0 147.0 et à l'hégémonie territoriale dont il avait joui jus¬

532.0 161.0 2133.0 115.0 qu'alors. Tous les usages contraires au texte de ses chartes

517.0 258.0 2131.0 139.0 furent abolis. Les doyens des métiers, des bourgeois et des

514.0 358.0 2125.0 145.0 tisserands, cessèrent de participer aux élections magis¬

514.0 453.0 2116.0 138.0 trales; le bailli recouvra le contrôle sur l'administration

517.0 550.0 2128.0 153.0 urbaine; les franchises des bourgeois forains furent a¬

517.0 632.0 2095.0 159.0 moindries; les échevins perdirent le droit d'évoquer

509.0 732.0 2148.0 150.0 devant eux le procès où un bourgeois était en cause,

526.0 832.0 2142.0 147.0 si celui-ci consentait à ester en justice en dehors de la

532.0 944.0 2122.0 127.0 commune; enfin et surtout les petites villes et les villages

529.0 1023.0 2163.0 186.0 de la châtellenie furent soustraits au pouvoir des Gantois.

517.0 1132.0 2119.0 159.0 Ainsi, Gand était à son tour ramené au droit com¬

520.0 1232.0 2116.0 174.0 mun. Dépouillé de sa seigneurie et des franchises qu'il

514.0 1332.0 2137.0 171.0 avait si largement ajoutées à ses privilèges légaux il ne

526.0 1424.0 2157.0 191.0 formait plus qu'une ville comme une autre et se cour¬

532.0 1518.0 2110.0 197.0 bait a son tour au niveau de ses semblables. Du reste,

520.0 1630.0 2140.0 191.0 le duc ne lui enleva que ses prérogatives politiques : il

535.0 1759.0 2116.0 153.0 ne toucha ni à son droit d'étape ni à son autonomie

532.0 1836.0 2139.0 188.0 locale. Il l'aida même à réparer les désastres cau¬

538.0 1939.0 2092.0 209.0 sés pendant la guerre en lui accordant, quelques

529.0 2027.0 2110.0 241.0 semaines plus tard, l'établissement de deux foires.

673.0 2148.0 1992.0 214.0 On peut considérer sa conduite en cette circons¬

547.0 2239.0 2130.0 229.0 tance comme tout à fait caractéristique de sa poli¬

541.0 2345.0 2136.0 223.0 tique à l'égard des villes. Nulle part, il ne chercha à cour¬

547.0 2418.0 2124.0 247.0 ber brutalement celle-ci sous son bon plaisir. Il <...> lais¬

547.0 2527.0 2124.0 233.0 sa subsister dans chacune d'elles le gouvernement local

570.0 2639.0 2084.0 203.0 qui s'y était institué. <...............> Il respecta les

553.0 2727.0 2101.0 218.0 libertés octroyées par ses prédécesseurs. Il se garda bien sur¬

547.0 2824.0 2145.0 224.0 tout, par une intervention indiscrète et tracassière, de

544.0 2913.0 2110.0 223.0 mécontenter l'opinion. Il eut soin de choisir les « com¬

553.0 3013.0 2142.0 220.0 missaires » chargés de le représenter lors de la rénovation

559.0 3116.0 2139.0 214.0 annuelle de magistrats et de contrôler leurs comptes <......>

585.0 3210.0 2069.0 203.0 <.................> parmi des nobles ou des fonction¬

585.0 3325.0 2122.0 179.0 naires <......................> familiarisés avec les moeurs
