2713 3464
2490.0 17.0 133.0 89.0 216

537.0 66.0 2141.0 104.0 tives révolutionnaires de l'anabaptisme. La crise avait

540.0 152.0 2112.0 125.0 été trop violente pour pouvoir se répéter. La secte pour¬

534.0 248.0 2135.0 104.0 tant ne disparut point, mais ses tendances se mo¬

543.0 340.0 2135.0 98.0 difièrent. Elle cessa de se recruter parmi les prolétaires. Elle

543.0 441.0 2097.0 75.0 donna naissance à des communautés de fidèles doux

537.0 510.0 2123.0 116.0 et inoffensifs, prétendant restaurer le christianisme pri¬

531.0 623.0 2127.0 92.0 mitif sur la base de l'amour du prochain et de la cons¬

540.0 704.0 2068.0 101.0 cience individuelle, sans clergé ni sacrements. Néan¬

540.0 819.0 2135.0 87.0 moins elle resta longtemps en butte à l'animadversion

534.0 900.0 2132.0 110.0 publique. Nulle confession <.........> n'a fourni autant

537.0 1004.0 2121.0 95.0 de victimes à la répression de l'hérésie et quand apparu¬

534.0 1105.0 2124.0 101.0 rent dans les Pays-Bas les premiers Calvinistes, on les con¬

543.0 1197.0 2138.0 122.0 fondit tout d'abord avec les anabaptistes, qu'ils haïssaient

548.0 1293.0 1344.0 112.0 pourtant à l'égal des catholiques.

626.0 1402.0 2040.0 107.0 Et pourtant le calvinisme, <....> ne fut pas moins ré¬

520.0 1492.0 2152.0 104.0 volutionnaire que l'anabaptisme, mais il le fut autre¬

534.0 1579.0 2129.0 118.0 ment. Au lieu d'attaquer la société, c'est l'Église qu'il pré¬

540.0 1680.0 2126.0 103.0 tend détruire, <..>. Il ne la prétend détruire d'ailleurs que

548.0 1772.0 2110.0 112.0 pour la remplacer par une Église nouvelle - la sienne. Et

546.0 1861.0 2126.0 113.0 <.........> cette Église, organe de la loi divine, doit ré¬

551.0 1954.0 2115.0 95.0 former l'État suivant son esprit, c'est à dire se le soumet¬

554.0 2046.0 2121.0 98.0 tre. L'idéal consiste dans la subordination de l'auto¬

548.0 2124.0 2124.0 127.0 rité laïque à l'autorité religieuse. Le but à atteindre

548.0 2231.0 2101.0 115.0 est l'Etat théocratique tel que le maître l'a fondé à Ge¬

548.0 2335.0 2110.0 115.0 nève. L'évangile doit triompher, fût-ce en dépit du prin¬

554.0 2439.0 2121.0 121.0 ce, qui n'est plus qu'un tyran lors qu'il s'oppose à la pa¬

1892.0 2505.0 303.0 87.0 déchainée

548.0 2543.0 2107.0 104.0 role de Dieu. Ainsi la révolution <......> par les anabap¬

1745.0 2615.0 361.0 72.0 transporte

554.0 2641.0 2118.0 101.0 tistes sur le terrain social, se <.> avec les calvinistes

557.0 2730.0 2106.0 119.0 sur le terrain politique. <.............> Elle fait appel à la

554.0 2840.0 2112.0 107.0 fois à toutes les classes du peuple. Sa propagande har¬

548.0 2941.0 2107.0 95.0 die, active, belliqueuse lui recrute bientôt des adhérents

551.0 3048.0 2121.0 95.0 dans les milieux les plus divers, depuis la noblesse et le

557.0 3140.0 2106.0 121.0 capitalisme jusqu'à la petite bourgeoisie et au salarié

531.0 3230.0 514.0 95.0 industriel.

557.0 3302.0 2095.0 127.0 <...............................................>
