2713 3462
2522.0 57.0 118.0 113.0 70

531.0 37.0 2029.0 124.0 du XIV siècle, un droit nominal beaucoup plus qu'une

528.0 150.0 837.0 112.0 prérogative effective.

565.0 236.0 2072.0 104.0 C'est par son officier que le comte a conservé jusqu'au

528.0 323.0 2124.0 115.0 bout une intervention très réelle dans les communes. Si

536.0 432.0 2067.0 121.0 grande qu'aient été leur autonomie, <.....> elles

525.0 516.0 2089.0 124.0 n'ont pas annulé dans leurs murs le pouvoir du

545.0 620.0 2113.0 124.0 prince et n'ont d'ailleurs point cherché à le faire.

554.0 712.0 2118.0 136.0 Jusqu'à la fin du XIIe siècle, les châtelains représen¬

583.0 807.0 213.0 81.0 tèrent

525.0 816.0 2127.0 121.0 <......> chez elles le seigneur territorial en qualité de

510.0 923.0 2162.0 104.0 de vicomtes. A vrai dire, installés à titre héréditaire comme

499.0 1035.0 2162.0 124.0 tous les fonctionnaires de l'âge agricole du Moyen âge,

505.0 1139.0 2141.0 121.0 ces châtelains considéraient leur charge comme un fief

507.0 1249.0 2168.0 104.0 et l'exerçaient à leur profit. Des froissements ne pou¬

513.0 1353.0 2148.0 118.0 vaient manquer de se produire entre ces féodaux

507.0 1456.0 2177.0 107.0 et les bourgeois. Le comte sut en profiter. <....................>

522.0 1555.0 2156.0 106.0 <............................> Son intérêt <.....> le pous¬

513.0 1658.0 2145.0 81.0 sait à ruiner l'influence des châtelains et à substituer

522.0 1754.0 2127.0 106.0 son influence à la leur. Il soutint donc les bourgeois

516.0 1852.0 2171.0 115.0 contre eux, imitant en cela la conduite des rois de France

525.0 1967.0 2141.0 113.0 qui, à la même époque, prenaient la cause des commu¬

499.0 2068.0 2170.0 107.0 nes contre leurs seigneurs. Sous le règne de Philippe d'Al¬

505.0 2157.0 2141.0 96.0 sace, les châtelains ont cédé partout à la coalition des

507.0 2282.0 2159.0 86.0 bourgeois et du prince. Ils disparaissent ou ne conser¬

522.0 2365.0 2147.0 104.0 vent plus que des <...........> revenus peu importants

507.0 2463.0 2174.0 116.0 ou des droits honorifiques. A leur place apparaît désor¬

507.0 2573.0 2104.0 107.0 mais <...........> un fonctionnaire de nouveau

505.0 2657.0 611.0 106.0 style, le bailli.

571.0 2740.0 2107.0 121.0 Employé salarié et révocable, le bailli n'a plus rien

1067.0 2821.0 303.0 69.0 faut y voir

516.0 2847.0 2165.0 115.0 de féodal. Il <...............................> une conséquence

525.0 2948.0 2147.0 107.0 de la même transformation économique qui a produit

513.0 3032.0 2142.0 106.0 les villes. Comme elles, il ne pourrait exister sans la re¬

522.0 3130.0 2147.0 115.0 naissance du commerce qui, à côté de la richesse

522.0 3228.0 2139.0 109.0 foncière a suscité la richesse mobilière, développé la cir¬
