2713 3438
2477.0 14.0 115.0 89.0 149

510.0 65.0 2096.0 129.0 tentement continuel. A toute occasion ils pren¬

524.0 183.0 2054.0 109.0 nent les armes et ne les déposent que quand, affa¬

524.0 283.0 2123.0 103.0 més par un blocus ou décimés par un massacre, ils <....>

530.0 378.0 2096.0 114.0 <....> se voient forcés de céder à la force. <............>

533.0 481.0 2088.0 100.0 <....> Mais leurs défaites ne les abattent que pour un

527.0 573.0 2082.0 88.0 instant. Ils ont bientôt réparé leurs pertes et avec

539.0 664.0 2073.0 98.0 une énergie nouvelle <...........................>

539.0 753.0 2085.0 103.0 <....> reprennent le combat contre les autorités sociales.

533.0 845.0 2005.0 100.0 Dans toutes les villes, ils agissent de concert et le

533.0 948.0 2079.0 97.0 mot d'ordre parti de l'une d'elles <.......> provoque

556.0 1034.0 2010.0 106.0 presque toujours un soulèvement général. Plus

553.0 1140.0 2076.0 103.0 pauvres et plus grossiers que les autres artisans, ils sont

547.0 1240.0 2105.0 106.0 aussi plus hardis et plus violents. D'ailleurs, ils ont pour

536.0 1337.0 2088.0 92.0 eux le nombre et l'organisation corporative <......>

544.0 1449.0 2097.0 103.0 <...............................> discipline leurs masses

536.0 1541.0 2108.0 97.0 et leur donne l'unité de vue et de direction. Dans chaque

556.0 1641.0 2030.0 106.0 grande commune, leur doyen peut mettre sur pied, <...>

547.0 1736.0 2082.0 103.0 des milliers d'hommes et traite avec le magistrat

547.0 1865.0 1004.0 97.0 de puissance à puissance.

602.0 1968.0 1454.0 103.0 <.................................>

590.0 2074.0 2036.0 106.0 <..................................>

1181.0 2154.0 757.0 63.0 de mouvement politique

559.0 2180.0 2004.0 112.0 <...> Il n'est pas <...........> dans l'histoire si

542.0 2286.0 2044.0 100.0 dramatique de la Flandre sous les règnes de Louis

556.0 2392.0 2088.0 97.0 de Nevers (  ) et de Louis de Male ( )

562.0 2483.0 2073.0 109.0 <.....> qu'ils n'aient cherché à faire tourner à leur

559.0 2595.0 2022.0 89.0 avantage et pour exposer leur histoire en détail à

556.0 2693.0 2033.0 88.0 cette époque, il faudrait raconter toute l'histoire

556.0 2779.0 2059.0 100.0 interne du comté. <...........................>

550.0 2885.0 2091.0 103.0 <..............................................>

559.0 2996.0 2070.0 101.0 <...........................................>

550.0 3082.0 2071.0 118.0 <...............................................> Lors

550.0 3185.0 1999.0 104.0 de la grande révolte de 1326, les tisserands de

530.0 3277.0 2062.0 115.0 Bruges dirigent les événements, improvisent en
