2713 3516
2560.0 14.0 100.0 76.0 31

586.0 87.0 2065.0 106.0 épiscopales, plus peuplées et plus animées que les châ¬

580.0 164.0 2121.0 131.0 teaux des princes laïques, jouirent aussi <..> d'un ordre

568.0 254.0 2106.0 141.0 et d'une police beaucoup plus fermes. Les évêques prirent

577.0 354.0 2080.0 129.0 des mesures de toutes sortes pour en assurer le ravitaille¬

574.0 445.0 2077.0 138.0 ment, y surveiller le marché, y construire des murs

574.0 539.0 2100.0 137.0 et des ponts. Notger de Liége (972-1018) détourna un

1780.0 603.0 270.0 100.0 la ville

2114.0 606.0 79.0 100.0 la

568.0 644.0 2127.0 129.0 bras de la Meuse pour assainir et pour fortifier tout

554.0 785.0 490.0 93.0 ensemble.

580.0 832.0 2106.0 137.0 Mais c'est justement cette activité et cette sollicitude

457.0 917.0 346.0 93.0 des évêques

1777.0 908.0 375.0 67.0 devaient la

560.0 925.0 2126.0 132.0 pour le bien de leurs sujets qui <.......> mettre <........>

574.0 1007.0 2068.0 141.0 aux prises avec ceux-ci. <.......> L'immigration des

560.0 1107.0 2132.0 123.0 marchands dans les cités, au cours du X^e siècle, <.......>

574.0 1189.0 2080.0 141.0 <....... .......> y compliqua la situation, y fit naître

571.0 1280.0 2109.0 126.0 des besoins nouveaux et y suscita des revendications jusqu'alors

536.0 1356.0 2150.0 123.0 inconnues. Or les prélats ne pouvaient sans danger, <......>

542.0 1429.0 2124.0 144.0 <...... ..... .. .... .....> au siège même de leur

1008.0 1532.0 256.0 61.0 abandonner

2495.0 1500.0 138.0 55.0 donc

545.0 1535.0 2109.0 117.0 résidence ^(1), <.....> aux marchands cette autonomie <....>

536.0 1590.0 2127.0 147.0 les princes laïques les laissaient jouir dans les portus. Ils

533.0 1684.0 2141.0 138.0 voulurent tout naturellement les soumettre au régime

536.0 1784.0 2156.0 111.0 tout à la fois autoritaire et patriarcal de leur gouvernement.

539.0 1854.0 2159.0 144.0 Peu sympathique, d'ailleurs, au commerce, l'Église confondait

545.0 1951.0 2085.0 129.0 avec l'usure les <..................> opérations

545.0 2036.0 2132.0 132.0 auxquelles il donnait lieu; elle taxait d'avaritia cette ten¬

539.0 2127.0 2127.0 117.0 dance à <.........> l'augmentation constante de la ri¬

527.0 2209.0 2150.0 117.0 chesse dans laquelle les économistes modernes reconnaissent

2135.0 2261.0 258.0 83.0 laïques

530.0 2297.0 2150.0 123.0 l'"esprit capitaliste". <........ .. ..... .... .....>

522.0 2385.0 2164.0 126.0 <...........................> De là des ma¬

519.0 2472.0 2170.0 129.0 lentendus, des froissements, <..> et bientôt <.. .....> une hos¬

516.0 2558.0 2121.0 131.0 tilité qui n'attendait qu'une occasion pour se déclarer. ^(2)

574.0 2666.0 2083.0 111.0 Elle se présenta lors de la querelle des investitures. Mé¬

551.0 2754.0 2129.0 105.0 contents de leurs évêques impérialistes, les marchands <....>

533.0 2830.0 2165.0 111.0 <..> prirent passionnément <.....> le parti du pape. L'oppo¬

513.0 2909.0 2167.0 111.0 sition religieuse alla de pair chez eux avec l'opposition po¬

510.0 2985.0 2176.0 120.0 litique <...>. Les prêtres qui soulevaient le peuple contre les prélats

507.0 3097.0 2188.0 99.0 symoniaques ne trouvèrent nulle part des partisans plus enthou¬

495.0 3170.0 2138.0 102.0 siastes que <.........> parmi ces commerçants <...> et ces

527.0 3246.0 2159.0 108.0 artisans dont les <............> revendications éco¬

504.0 3316.0 2191.0 117.0 nomiques <..> trouvaient tout à coup à s'utiliser pour

105.0 1075.0 449.0 88.0 ploie cette expres¬

111.0 1133.0 437.0 85.0 dessein. En effet,

105.0 1195.0 408.0 97.0 oit point que les

105.0 1256.0 452.0 83.0 condaires des prin¬

102.0 1321.0 452.0 82.0 tés épiscopales aient

102.0 1380.0 381.0 64.0 tter contre les

102.0 1429.0 399.0 82.0 es. dans celle de

102.0 1485.0 399.0 85.0 Huy obtint une

105.0 1544.0 378.0 114.0 des libertés dès

79.0 2171.0 410.0 96.0 r l'attitude du

85.0 2247.0 419.0 76.0 vis a vis des Com¬

102.0 2308.0 405.0 100.0 voy. par exemple

79.0 2379.0 404.0 76.0 S. Guidonis.

82.0 2426.0 390.0 114.0 SS. Bull. Sept.

82.0 2513.0 407.0 74.0 43): "Merca¬

73.0 2569.0 375.0 88.0 raro aut

87.0 2625.0 402.0 94.0 quam abali¬

87.0 2698.0 408.0 76.0 liu sine cri¬

102.0 2774.0 396.0 106.0 exerceri po¬

90.0 2850.0 41.0 77.0 .
