2713 3461
2421.0 20.0 115.0 86.0 130

597.0 46.0 1864.0 106.0 doute qu'appliquer l'éternel principe: les ennemis

600.0 132.0 2037.0 101.0 de nos adversaires sont nos amis. <....................>

1769.0 199.0 167.0 72.0 c'est

600.0 227.0 2020.0 113.0 <.....................................> seulement leur ran¬

594.0 323.0 1992.0 103.0 cune contre les patriciens qui explique leur conduite.

588.0 418.0 2015.0 95.0 Mais les artisans trouvèrent aussi des protecteurs

611.0 496.0 2009.0 121.0 plus désintéressés. Déjà au XIIe siècle, des prédicateurs

594.0 599.0 2020.0 101.0 populaires, appartenant à ces tendances mystiques

600.0 686.0 2023.0 98.0 dont le large courant, mitoyen entre la foi orthodoxe

597.0 770.0 2012.0 109.0 et l'hérésie, traverse toute l'histoire religieuse du

600.0 859.0 2029.0 115.0 Moyen âge, avaient exalté l'humilité chrétienne, <......>

603.0 951.0 2052.0 110.0 <.....> et condamné la richesse en ses termes dont les âmes

600.0 1046.0 2035.0 104.0 devaient être singulièrement troublées. Tel par exem¬

597.0 1133.0 2040.0 124.0 ple à Liège Lambert le Bègue, tel à Anvers Guillau¬

591.0 1234.0 2035.0 115.0 me Cornelius d'après lequel, s'il faut en croire Thomas

603.0 1329.0 2043.0 118.0 de Cantimpré, le riche, même vertueux, vaut moins

611.0 1424.0 2041.0 124.0 qu'une prostituée. Les frères mineurs, dont l'institu¬

603.0 1522.0 2026.0 124.0 tion se répandit très rapidement dans toutes les

600.0 1620.0 2046.0 122.0 villes au cours du XIIIe siècle, devaient aussi témoigner

611.0 1727.0 2041.0 124.0 à la foule misérable, les plus ardentes sympathies. L'es¬

603.0 1834.0 2049.0 127.0 prit du "poverello" d'Assise se répandait par leurs bou¬

1047.0 1926.0 283.0 69.0 masse

588.0 1938.0 2052.0 112.0 -ches dans la <.....> des déshérités et s'ils lui prêchaient la

600.0 2041.0 2020.0 107.0 résignation, ils lui parlaient aussi de justice et, en

606.0 2151.0 2037.0 81.0 lui montrant dans le royaume des cieux, l'exaltation

603.0 2240.0 2060.0 87.0 du pauvre <.........................> contribuaient

603.0 2333.0 2055.0 104.0 pour leur part à rendre plus odieux encore le régime

611.0 2431.0 2035.0 98.0 ploutocratique du patriciat. Plus d'un d'entre eux

608.0 2535.0 2003.0 95.0 a dû employer son ascendant à la cour princière

603.0 2627.0 2058.0 104.0 en faveur de réformes hostiles à l'oligarchie urbai¬

597.0 2725.0 2023.0 104.0 ne. Nous savons que le général des franciscains en

608.0 2835.0 2055.0 101.0 Flandre ne fut pas étranger à l'abolition momenta¬

600.0 2936.0 2075.0 112.0 née par la comtesse Jeanne, en         , de la fameu¬

614.0 3048.0 1533.0 133.0 se magistrature des XXXIX de Gand.

681.0 3152.0 2006.0 118.0 Tout se réunit donc, vers la fin du XIIIe siècle, pour

617.0 3253.0 2055.0 115.0 faire éclater un conflit inévitable. Des causes de
