2713 3491
2573.0 14.0 113.0 79.0 32

640.0 37.0 2020.0 111.0 la bonne cause (1). L'histoire de Cambrai nous

640.0 119.0 2017.0 122.0 permet de le constater avec une netteté remar¬

640.0 224.0 343.0 101.0 quable.

657.0 311.0 2035.0 102.0 Pendant le XI^e siècle, la prospérité de cette ville s'était

596.0 410.0 2067.0 93.0 largement développée. Aux pieds de la <.....> cité pri¬

596.0 488.0 2073.0 111.0 mitive s'était gróupé un faubourg commercial qui

602.0 570.0 2087.0 99.0 avait été entouré en 1070 d'une enceinte fortiflée. Mais

617.0 645.0 2072.0 117.0 placée sous l'administration du châtelain et des of¬

625.0 730.0 2088.0 122.0 ficiers de l'évêque, la population marchande suppor¬

608.0 820.0 2055.0 119.0 tait impatiemment leur pouvoir. Depuis assez

596.0 898.0 2055.0 126.0 longtemps elle se préparait en secret à la révolte

617.0 986.0 2063.0 122.0 lorsque, en 1077, l'évêque Gérard II dut s'absenter

628.0 1082.0 2064.0 113.0 pour aller recevoir l'investiture des mains de

605.0 1172.0 2078.0 122.0 l'empereur. Il était à peine en chemin que, sous la

605.0 1256.0 2070.0 125.0 direction des marchands les plus riches de la ville,

625.0 1349.0 2058.0 111.0 elle s'insurgea, s'empara des portes et proclama la

1379.0 1413.0 562.0 73.0 les tisserands surtout,

588.0 1442.0 2084.0 114.0 "commune". Les pauvres <..>, les artisans secondèrent d'au¬

593.0 1518.0 2073.0 131.0 tant plus énergiquement le mouvement que les ser¬

1889.0 1579.0 285.0 61.0 Ramihrdus

593.0 1602.0 2076.0 126.0 mons enflammés d'un prêtre gregorien leur dénon¬

614.0 1690.0 2072.0 131.0 çaient l'évêque comme symoniaque et excitaient au

605.0 1780.0 2087.0 119.0 fond de leurs cœurs ce mysticisme populaire que nous

599.0 1876.0 2070.0 108.0 retrouverons plus tard si fréquemment mêlé aux

579.0 1966.0 2113.0 99.0 soulèvements de la démocratie urbaine. Favorisés

588.0 2050.0 2090.0 117.0 par les tendances toutes pratiques des uns, par la fer¬

588.0 2146.0 2098.0 111.0 veur religieuse des autres, la commune fut jurée au

602.0 2251.0 2090.0 108.0 milieu de l'enthousiasme général. Essentiellement

588.0 2353.0 2101.0 99.0 révolutionnaire, elle prétendit briser d'un seul coup un

585.0 2443.0 2072.0 105.0 régime que ses intérêts <......> aussi bien que sa foi lui

593.0 2548.0 2096.0 87.0 faisaient apparaître doublement odieux, et, <........>

585.0 2618.0 2061.0 102.0 <...> en présence de la collaboration des marchands, des tisse¬

590.0 2699.0 2079.0 102.0 rands et de Ramihrdus, on ne peut s'empêcher de songer

605.0 2766.0 2075.0 114.0 à la Florence mercantile, <.........> ouvrière et mystique

620.0 2944.0 2043.0 107.0 (1) Il faut comparer ici, avec les événements des Pays-Bas

588.0 3016.0 2098.0 99.0 ceux que se passèrent à la même époque dans les villes rhé́na¬

588.0 3089.0 2084.0 108.0 nes et dans les villes lombardes. Il importe aussi de ne pas

593.0 3162.0 2082.0 110.0 oublier que l'appui donné au pape par les féodaux pendant

579.0 3229.0 2055.0 133.0 la querelle des investitures s'explique en grande partie par

585.0 3301.0 2095.0 123.0 leur intérêt. Grégoire VII eut en réalité pour lui dans l'Em¬

588.0 3374.0 2110.0 99.0 pire les deux forces qui allaient dominer l'avenir : les princes
