2713 3495
2459.0 26.0 119.0 134.0 194

947.0 49.0 285.0 87.0 se clôt

509.0 110.0 2122.0 125.0 des villes <...........> dans les Pays-Bas la période

498.0 233.0 2121.0 116.0 des guerres municipales. L'avènement <......> de Phi¬

489.0 349.0 2133.0 128.0 lippe le Beau en 1494, en appelant au pouvoir un

501.0 442.0 2150.0 152.0 prince national <......> achève d'apaiser les

486.0 550.0 2180.0 175.0 esprits. Le conflit que depuis un siècle se livraient

483.0 643.0 2154.0 189.0 l'Etat et les communes, le principe mé

512.0 765.0 2084.0 149.0 diéval de l'autonomie particulariste

507.0 882.0 2121.0 154.0 et le principe moderne de la centralisa¬

512.0 990.0 2020.0 160.0 tion monarchique, s'achève par le

536.0 1103.0 2095.0 175.0 triomphe de celui-ci. <...................>

501.0 1211.0 2075.0 181.0 Mais ce triomphe n'a pas courbé les villes sous

498.0 1322.0 2118.0 189.0 l'absolutisme. <..........................>

547.0 1438.0 2072.0 184.0 <.....................................>

530.0 1575.0 2034.0 160.0 <.....................................>

515.0 1703.0 2119.0 184.0 <....................................>

509.0 1820.0 2096.0 183.0 <.........................> Il leur

504.0 1951.0 2107.0 148.0 reste assez de forces sinon pour lutter encore contre

512.0 2047.0 2096.0 175.0 l'État, au moins pour intervenir <......> large¬

501.0 2163.0 2092.0 169.0 ment dans ses affaires et l'obliger à tenir

515.0 2280.0 2093.0 183.0 compte de leurs intérêts et de leur<.> volonté.
