2713 3529
2521.0 38.0 62.0 82.0 38

158.0 711.0 262.0 218.0 burgus

676.0 102.0 2004.0 97.0 Tout d'abord, elle s'isole du plat-pays par son enceinte

544.0 170.0 2118.0 115.0 murale. Car, dès le commencement du XIIe siècle, l'agglo¬

573.0 270.0 2113.0 109.0 mération marchande <....................> qui <....>

579.0 358.0 2089.0 103.0 <.....> a grandi autour du vieux château primi¬

570.0 441.0 2063.0 120.0 tif a achevé ses travaux de défense. <....> Encerclée

573.0 526.0 2063.0 135.0 d'un mur ou d'un fossé, elle est <.......> à son tour

564.0 626.0 2098.0 135.0 une forteresse. Ce qui était <......> à l'origine un fau¬

570.0 726.0 2069.0 118.0 bourg ouvert est devenu un bourg <......>.

573.0 805.0 2119.0 139.0 Il s'est si bien que désormais ses habitants prennent

562.0 894.0 2121.0 161.0 le nom de bourgeois (burgenses)(1). Dès lors, le vieux cas¬

567.0 1011.0 2084.0 121.0 trum qui s'élève encore au centre de la ville perd

573.0 1099.0 2072.0 133.0 toute son utilité. <....> Construit pour servir de refuge

591.0 1205.0 2057.0 127.0 aux paysans des alentours, son rôle cesse du jour où

600.0 1293.0 2054.0 142.0 il se trouve <....................> empri¬

567.0 1379.0 2084.0 135.0 sonné au milieu des maisons. Ses murailles sans

582.0 1464.0 2092.0 132.0 emploi ne sont plus entretenues; elles tombent en

585.0 1558.0 2095.0 147.0 ruines ou on les démolit. Il arrivera même fréquemment

588.0 1652.0 2101.0 156.0 que les princes comme à Gand par exemple ou à Valen¬

582.0 1738.0 2104.0 158.0 ciennes, céderont à la ville, comme terrain à bâtir, le sol

570.0 1832.0 2078.0 164.0 même sur lequel il s'élève. Bref, des deux éléments

564.0 1940.0 2110.0 165.0 juxtaposés à l'origine, le castrum militaire et le portus

570.0 2046.0 2110.0 144.0 marchand, celui-ci a absorbé celui-là. Et il est rigou¬

570.0 2143.0 2122.0 165.0 reusement vrai de dire que, dans les Pays-Bas tout

582.0 2252.0 2051.0 171.0 au moins, ce n'est point le bourg, mais le faubourg

591.0 2346.0 2077.0 171.0 qui a constitué la ville. La ville d'ailleurs, en faisant

1227.0 2523.0 347.0 59.0 mention

594.0 2523.0 2051.0 135.0 (1) La première <..........> de ce mot en Flandre appa¬

576.0 2593.0 2089.0 136.0 raît en 1056 a Saint-Omer. <..> Il vient évidemment

588.0 2687.0 2104.0 109.0 de France où son usage était déjà ancien à cette époque.

588.0 2755.0 2092.0 129.0 Toutefois, comme en l'a vu plus haut la langue néerlan¬

576.0 2834.0 2092.0 124.0 daise a conservé à côté de lui l'ancien nom de poorter

588.0 2920.0 2095.0 126.0 De la Flandre, le mot burgensis s'est répandu dans

600.0 2990.0 2057.0 156.0 le reste de la Belgique: on le rencontre à Huy en 1066.

582.0 3061.0 2104.0 162.0 de la Belgique il a gagné l'Allemagne. C'est un phéno¬

576.0 3149.0 2098.0 147.0 mène très curieux et caractéristique pour l'appréciation de

588.0 3240.0 2098.0 130.0 la vie urbaine au Moyen âge que l'appellation des populations

567.0 3311.0 2054.0 138.0 municipales, essentiellement pacifiques, soit d'origine

573.0 3420.0 445.0 88.0 militaire.
