2713 3495
2453.0 11.0 117.0 96.0 134

565.0 26.0 1868.0 107.0 exploitation aussi outrancière de la victoire

571.0 119.0 2048.0 96.0 <.................................> L'ancien al¬

553.0 209.0 2090.0 108.0 lié des petits, le chapitre de Saint Lambert, les aban¬

544.0 299.0 2052.0 114.0 -donna bientôt. L'évêque Adolphe de la Marck prit

571.0 404.0 2101.0 99.0 <...........................> parti contre eux plus éner¬

565.0 492.0 2095.0 119.0 giquement encore. A peine arrivés au pouvoir, en effet,

556.0 585.0 2081.0 105.0 les petits se montrèrent au moins aussi hostiles que

562.0 672.0 2075.0 120.0 les grands aux prérogatives princières et aussi ré¬

571.0 760.0 2034.0 107.0 solus à ne tenir compte, dans tous les domaines

582.0 859.0 2037.0 119.0 que de l'intérêt municipal. A Liège, comme dans

565.0 955.0 2005.0 108.0 toutes les "bonnes villes", ils se crurent tout permis,

585.0 1054.0 2049.0 105.0 chassèrent les officiers de l'évêque, s'emparèrent de

574.0 1156.0 2077.0 105.0 <......................................> ses revenus

559.0 1249.0 2052.0 90.0 et s'attribuèrent sa juridiction. Pour augmenter leur

559.0 1322.0 2081.0 116.0 influence et grossir les rangs de leurs troupes, ils lais¬

565.0 1432.0 2092.0 102.0 sèrent quantité de gens du plat-pays s'inscrire dans

571.0 1534.0 2054.0 88.0 la commune et, sous le nom de "bourgeois forains"

559.0 1631.0 2069.0 90.0 vivre sous sa protection et échapper ainsi à l'auto¬

559.0 1730.0 2084.0 69.0 rité traditionnelle de leurs seigneurs. L'exclusivisme

550.0 1820.0 2084.0 108.0 urbain que l'on avait reproché au patriciat ne fit

568.0 1930.0 2072.0 91.0 donc que prendre plus de vigueur et d'audace sous le

571.0 2021.0 2074.0 84.0 gouvernement des artisans. La rupture fut tout

574.0 2102.0 2031.0 117.0 de suite complète et définitive entre eux et ceux qui

571.0 2204.0 2031.0 111.0 jadis les avaient aidés à vaincre. Le prince, le

565.0 2303.0 2046.0 102.0 chapitre, la noblesse se coalisèrent contre eux et uni¬

559.0 2417.0 2043.0 90.0 rent leurs efforts à ceux des patriciens. Ce ne fut d'ail¬

571.0 2504.0 2109.0 102.0 leurs qu'après une guerre longue et sanglante qu'on put

565.0 2597.0 2095.0 102.0 les résoudre à demander la paix. <.......> Au reste, les

556.0 2696.0 2052.0 100.0 vainqueurs comprirent bien qu'il ne pouvait plus être

568.0 2804.0 2034.0 99.0 question de rétablir l'ancien régime oligarchique,

568.0 2886.0 2037.0 110.0 dont personne d'ailleurs, sauf les gens de lignage, ne

542.0 2985.0 2080.0 108.0 souhaitait le retour. Les sentences qui frappèrent

536.0 3078.0 2109.0 114.0 les Liègois après la bataille de Hoesselt (1328) ne firent

559.0 3186.0 2081.0 105.0 point disparaître l'égalité des droits politiques et ne

562.0 3285.0 2049.0 110.0 remirent en vigueur aucune des prérogatives de
