2713 3451
2422.0 8.0 138.0 124.0 140

555.0 28.0 1821.0 112.0 ciété morcelée du Moyen âge - qui les y poussa.

566.0 129.0 2054.0 106.0 <...............> Leur conduite ne s'y inspira jamais

558.0 253.0 2057.0 83.0 que de l'exclusivisme municipal inhérent à ces petits

552.0 327.0 2083.0 104.0 mondes vigoureux et égoïstes, qu'étaient les commu¬

546.0 422.0 829.0 101.0 nes de tous les pays.

575.0 520.0 2040.0 109.0 Leur entrée sur la scène politique date du règne de

972.0 583.0 388.0 69.0 Marguerite

555.0 629.0 2048.0 98.0 la comtesse <......>(          ). Menacés par les reven¬

555.0 721.0 2074.0 95.0 dications des artisans et surtout les ouvriers de la

555.0 808.0 2051.0 109.0 laine, inquiets des sympathies témoignées à ceux-ci

566.0 903.0 2052.0 115.0 par la princesse, les patriciens des grandes villes n'hé¬

552.0 1006.0 2063.0 95.0 sitèrent pas à recourir, pour maintenir leur si¬

546.0 1098.0 2083.0 106.0 tuation, à l'appui du roi de France. En 1275, les XXXIX

555.0 1199.0 2065.0 112.0 de Gand, cassés par la comtesse en avaient appelé au

1389.0 1265.0 475.0 83.0 L'avènement

563.0 1302.0 2043.0 110.0 parlement de Paris. <...........> de Gui de Dampierre

854.0 1371.0 656.0 89.0 les oligarchies bourgeoises

575.0 1409.0 2060.0 95.0 fut pour <....> l'occasion de lier formellement leur cau¬

561.0 1495.0 2088.0 132.0 se à celle de la couronne. <..> Enhardi par la puissan¬

552.0 1621.0 2094.0 107.0 -ce de sa maison, Gui ne cachait pas son impatience de

1303.0 1688.0 239.0 74.0 qu'elles

1657.0 1705.0 175.0 72.0 <....>

561.0 1716.0 2080.0 115.0 la domination <..........................> exerçaient

563.0 1814.0 2040.0 109.0 sur les villes et le mauvais vouloir qu'il leur montrait

569.0 1909.0 2040.0 121.0 était d'autant plus menaçant qu'il encourageait

552.0 2013.0 2077.0 117.0 partout les efforts du "commun". Le roi seul pouvait

549.0 2113.0 2043.0 121.0 sauver le régime patricien en étendant sur lui sa

552.0 2208.0 2057.0 130.0 main toute puissante. Or le roi était alors Philippe le

555.0 2306.0 2077.0 135.0 Bel. Ses légistes comprirent aussitôt <........> le parti

549.0 2415.0 2037.0 101.0 à tirer de la situation. Pour courber le comté sous la

558.0 2524.0 2042.0 87.0 souveraineté de la couronne rien ne valait une alli¬

555.0 2622.0 2063.0 104.0 ance avec le patriciat. Elle est conclue dès 1287. Le bailli

566.0 2720.0 2072.0 118.0 de Vermandois devient en Flandre, une sorte de procureur

561.0 2818.0 2071.0 138.0 royal chargé de protéger les villes contre leur prince. <.....>

552.0 2927.0 2063.0 107.0 <.............................................>

563.0 3028.0 2046.0 112.0 <....................................>

563.0 3123.0 2106.0 112.0 <....................................>

713.0 3197.0 457.0 72.0 <.........>

566.0 3229.0 2092.0 112.0 <...............................................>
