2713 3498
2502.0 0.0 117.0 90.0 167

554.0 43.0 2056.0 114.0 centres <.........> de la Flandre et du Brabant, il

545.0 151.0 2065.0 105.0 n'est point arrivé à <......> s'imposer entièrement

551.0 247.0 2077.0 102.0 à l'organisation économique. Son esprit d'exclusivis¬

1729.0 311.0 412.0 73.0 <.........>

551.0 346.0 2056.0 99.0 me <....> n'aurait pu y triompher sans ruiner la grande

554.0 437.0 2039.0 96.0 industrie. Il a bien <..> réussi à y imprégner les petits

548.0 550.0 2036.0 91.0 métiers et à marquer profondément de son empreinte le

548.0 644.0 2083.0 93.0 commerce local: le grand commerce est resté en dehors de

554.0 728.0 2071.0 111.0 ses atteintes. Sans doute, il <...> en a considérablement

565.0 827.0 2060.0 99.0 <....> restreint la liberté. Ses tendances anti-capita¬

560.0 944.0 2082.0 96.0 listes n'ont plus permis la création rapide de ces grandes

565.0 1028.0 2037.0 114.0 fortunes qui se sont accumulées durant le XIII^e siècle.

1648.0 1101.0 338.0 88.0 ouvriers

560.0 1128.0 2077.0 105.0 L'exploitation éhontée des <........> a cessé; <..........>

574.0 1238.0 2083.0 117.0 <......................................> le salaire

563.0 1343.0 2094.0 108.0 a été réglé d'une façon plus équitable et le travailleur,

560.0 1448.0 2077.0 111.0 soustrait à la domination des grands marchands

568.0 1550.0 2060.0 120.0 a trouvé dans la corporation une garantie précieuse

571.0 1644.0 2057.0 142.0 contre les abus du truck-system, les fraudes et les vio¬

568.0 1749.0 2060.0 137.0 lences dont il était jadis la victime. Il n'en reste pas

560.0 1848.0 2047.0 142.0 moins vrai pourtant que les industries d'exportation,

568.0 1950.0 2089.0 145.0 la draperie en Flandre, la batterie à Dinant, <........>

577.0 2057.0 2022.0 137.0 <............> ont continué à <...........> vivre de

580.0 2157.0 2065.0 131.0 leur vie propre. Leur nature même leur a réservé une

577.0 2267.0 2060.0 134.0 situation particulière et pour ainsi dire hors cadre.

574.0 2378.0 1990.0 120.0 L'entrepreneur capitaliste est toujours demeuré

600.0 2466.0 2028.0 145.0 chez elle superposé au travailleur et celui-ci n'a pu

583.0 2562.0 2033.0 160.0 sortir de sa condition de salarié. <.............>

592.0 2670.0 2013.0 175.0 <........> Il est bien arrivé que quelques maîtres tisse¬

595.0 2777.0 2062.0 175.0 rands ou foulons, favorisés par les circonstances, aient

603.0 2877.0 2054.0 163.0 atteint une aisance relative. Il semble même que

595.0 2976.0 2059.0 175.0 parmi les branches accessoires de la draperie, chez les

600.0 3081.0 2016.0 151.0 tondeurs, les apprêteurs et surtout chez les teintu¬

2015.0 3191.0 639.0 79.0 aient joui d'une situation

603.0 3186.0 2060.0 134.0 riers, la plupart des chefs d'ateliers <............>

630.0 3253.0 580.0 75.0 généralement favorable

606.0 3299.0 706.0 96.0 <................>

1295.0 3270.0 1333.0 175.0 . Et il faut reconnaître enfin que la
