2713 3514
2496.0 8.0 152.0 114.0 155

539.0 84.0 2083.0 109.0 Concluons donc que les démocraties urbaines du Moy¬

1986.0 161.0 243.0 82.0 purent

509.0 199.0 2119.0 96.0 en Âge ne furent en somme et ne <..........> être que

515.0 298.0 2136.0 109.0 des démocraties de privilégiés. Elles ne connurent point

518.0 415.0 2098.0 79.0 et ne purent connaître l'idéal d'une liberté et d'une

521.0 497.0 2092.0 103.0 égalité accessibles à tous. Elles naquirent et se déve¬

515.0 620.0 2107.0 79.0 loppèrent sein de groupes sociaux nettement différen¬

527.0 723.0 2036.0 85.0 ciés du reste de la population et restèrent toujours la

527.0 796.0 1309.0 108.0 propriété exclusive de leurs auteurs.

547.0 893.0 2031.0 111.0 Mais il faut aller plus loin et reconnaître que, même

515.0 992.0 2113.0 103.0 parmi les bourgeois, on chercherait vainement à sur¬

533.0 1080.0 2118.0 103.0 prendre l'existence d'un véritable sentiment démocra¬

755.0 1150.0 633.0 71.0 La collectivité urbaine

524.0 1188.0 2124.0 106.0 tique. <.........> en effet, <....................> se compose

536.0 1297.0 2083.0 93.0 d'une agglomération de collectivités entre lesquelles se

518.0 1385.0 2133.0 93.0 répartissent tous les habitants. Chacun d'eux appartient

521.0 1505.0 2098.0 88.0 à un métier ou, s'il n'est point artisan, à une corporation

524.0 1593.0 2130.0 102.0 renfermant les individus vivant en dehors des professions

521.0 1680.0 2136.0 117.0 industrielles. Ainsi la population <..........>, suivant le

539.0 1792.0 2086.0 105.0 genre de vie de ses membres, se divise en une quantité de

1048.0 1847.0 59.0 71.0 A

527.0 1882.0 2106.0 109.0 corps spéciaux. la spécialisation du travail et des professions

524.0 1976.0 2106.0 126.0 <..> répond une spécialisation analogue de la vie poli¬

524.0 2061.0 2109.0 146.0 tique. Suivant que l'on est forgeron, boulanger, maçon,

530.0 2158.0 2109.0 137.0 tondeur, tisserand ou foulon, on occupe une place diffé¬

521.0 2260.0 2107.0 117.0 rente dans <..> l'organisme communal <................>

512.0 2339.0 2157.0 153.0 <...........................>. Du jour où les métiers ont

527.0 2453.0 2109.0 147.0 acquis des droits politiques, <...........> le corps municipal

533.0 2547.0 2115.0 141.0 s'est trouvée fractionné en <........> collèges particuliers,

524.0 2664.0 2109.0 114.0 <........................> ne poursuivant chacun que ses inté¬

512.0 2752.0 2130.0 126.0 rêts propres et <......................................> incapa¬

515.0 2860.0 2145.0 121.0 ble de les subordonner <..............> aux intérêts d'au

527.0 2937.0 2118.0 152.0 trui. Il arrive naturellement que, sur bien des questions

527.0 3045.0 2112.0 126.0 les tendances de <......> tous les groupes se trouvent d'ac¬

972.0 3118.0 191.0 68.0 visent

539.0 3147.0 2080.0 121.0 cord et <........................> le même but. Mais <...>

536.0 3235.0 518.0 103.0 <.........> cette

1054.0 3241.0 1562.0 120.0 unanimité <.......> ne résulte pas de la

556.0 3329.0 2060.0 135.0 conscience du bien général. C'est toujours le bien parti¬
