<?xml version='1.0' encoding='UTF-8'?>
<alto xmlns="http://www.loc.gov/standards/alto/ns-v4#" xmlns:xsi="http://www.w3.org/2001/XMLSchema-instance" xsi:schemaLocation="http://www.loc.gov/standards/alto/ns-v4# http://www.loc.gov/standards/alto/v4/alto-4-2.xsd">
  <Description>
    <MeasurementUnit>pixel</MeasurementUnit>
    <sourceImageInformation>
      <fileName>ARCH-DIV-000494_0216.png</fileName>
    </sourceImageInformation>
  </Description>
  <Tags>
    <OtherTag ID="BT1" LABEL="Title" DESCRIPTION="block type Title" /><OtherTag ID="BT2" LABEL="Main" DESCRIPTION="block type Main" /><OtherTag ID="BT3" LABEL="Commentary" DESCRIPTION="block type Commentary" /><OtherTag ID="BT4" LABEL="Illustration" DESCRIPTION="block type Illustration" /><OtherTag ID="BT130" LABEL="TitlePageZone" DESCRIPTION="block type TitlePageZone" /><OtherTag ID="BT131" LABEL="MarginTextZone" DESCRIPTION="block type MarginTextZone" /><OtherTag ID="BT132" LABEL="MainZone" DESCRIPTION="block type MainZone" /><OtherTag ID="BT133" LABEL="CustomZone:numbering" DESCRIPTION="block type CustomZone:numbering" /><OtherTag ID="BT134" LABEL="NumberingZone" DESCRIPTION="block type NumberingZone" /><OtherTag ID="BT136" LABEL="MarginTextZone:lower" DESCRIPTION="block type MarginTextZone:lower" />
    <OtherTag ID="LT75" LABEL="HeadingLine" DESCRIPTION="line type HeadingLine" /><OtherTag ID="LT76" LABEL="DefaultLine" DESCRIPTION="line type DefaultLine" /><OtherTag ID="LT77" LABEL="InterlinearLine:correction" DESCRIPTION="line type InterlinearLine:correction" /><OtherTag ID="LT78" LABEL="InterlinearLine:addition" DESCRIPTION="line type InterlinearLine:addition" />
  </Tags>
  <Layout>
    <Page WIDTH="2713" HEIGHT="3491" PHYSICAL_IMG_NR="210" ID="eSc_dummypage_">
      <PrintSpace HPOS="0" VPOS="0" WIDTH="2713" HEIGHT="3491">
        <TextBlock HPOS="2508.0" VPOS="18.0" WIDTH="186.0" HEIGHT="124.0" ID="eSc_textblock_6e545a51" TAGREFS="BT134">
          <Shape><Polygon POINTS="2508 18 2508 142 2694 142 2694 18" /></Shape>
          <TextLine ID="eSc_line_ea665c56" TAGREFS="LT76" BASELINE="2516 107 2663 109" HPOS="2512.0" VPOS="40.0" WIDTH="148.0" HEIGHT="96.0">
            <Shape><Polygon POINTS="2515 104 2512 136 2541 136 2570 136 2599 136 2608 136 2657 133 2660 107 2660 49 2515 40 2515 104" /></Shape>
	    <String CONTENT="208" HPOS="2512.0" VPOS="40.0" WIDTH="148.0" HEIGHT="96.0" />
          </TextLine>
        </TextBlock>
        <TextBlock HPOS="461.0" VPOS="10.0" WIDTH="2252.0" HEIGHT="3271.0" ID="9218ac84-8da1-4801-a4eb-3e5a918186c3" TAGREFS="BT132">
          <Shape><Polygon POINTS="2493 141 2713 142 2713 3281 486 3249 461 11 2464 10" /></Shape>
          <TextLine ID="eSc_line_ed71f6a2" TAGREFS="LT76" BASELINE="529 157 2666 171" HPOS="523.0" VPOS="90.0" WIDTH="2140.0" HEIGHT="107.0">
            <Shape><Polygon POINTS="2648 142 2503 142 2491 125 2378 125 2349 101 2171 98 2116 119 2026 119 1699 116 1679 98 1667 98 1601 116 1583 116 1266 93 1205 116 1010 116 948 90 593 90 526 107 526 154 523 171 576 194 870 194 905 177 1158 194 1181 177 1263 192 1609 180 1650 194 1659 194 1717 180 2657 197 2663 168 2660 142 2648 142" /></Shape>
	    <String CONTENT="estat » prennent une attitude menaçante. Mais le pé¬" HPOS="523.0" VPOS="90.0" WIDTH="2140.0" HEIGHT="107.0" />
          </TextLine>
          <TextLine ID="eSc_line_dde09dcf" TAGREFS="LT76" BASELINE="529 256 1688 250 2675 267" HPOS="523.0" VPOS="189.0" WIDTH="2149.0" HEIGHT="116.0">
            <Shape><Polygon POINTS="526 253 523 273 585 290 742 276 768 296 861 279 969 296 1315 279 1385 299 1563 282 1711 282 1764 299 1871 282 1956 299 1993 282 2014 293 2023 302 2325 285 2389 305 2669 305 2672 264 2669 218 2576 200 2497 215 2445 197 2436 197 2386 215 2384 218 2157 218 2151 212 2124 200 2116 200 2084 215 2031 194 2023 194 1970 212 1956 212 1851 194 1656 194 1630 212 1563 194 1551 194 1519 215 1426 215 1391 192 1379 192 1339 206 1333 212 1062 212 1033 192 1021 192 983 209 928 192 919 192 884 209 695 189 526 200 526 253" /></Shape>
	    <String CONTENT="ril est plus apparent que réel. Le peuple, &lt;.......&gt; abandon¬" HPOS="523.0" VPOS="189.0" WIDTH="2149.0" HEIGHT="116.0" />
          </TextLine>
          <TextLine ID="eSc_line_d2acf744" TAGREFS="LT76" BASELINE="544 349 1764 357 2695 378" HPOS="538.0" VPOS="288.0" WIDTH="2154.0" HEIGHT="128.0">
            <Shape><Polygon POINTS="541 346 538 363 620 384 1018 372 1158 392 1205 378 1304 401 1531 378 1633 395 1641 395 1662 381 1929 395 1979 384 2162 410 2168 410 2194 398 2686 416 2692 375 2689 314 2235 325 2087 325 2063 305 1851 320 1830 302 1819 302 1766 317 1574 299 1534 317 1242 293 1103 311 1074 290 1062 290 1018 308 928 290 867 308 844 288 541 302 541 346" /></Shape>
	    <String CONTENT="né à lui-même s'agite en vain dans l'anarchie. La fai¬" HPOS="538.0" VPOS="288.0" WIDTH="2154.0" HEIGHT="128.0" />
          </TextLine>
          <TextLine ID="eSc_line_9d51d3b3" TAGREFS="LT76" BASELINE="538 445 1598 450 2675 488" HPOS="532.0" VPOS="378.0" WIDTH="2140.0" HEIGHT="142.0">
            <Shape><Polygon POINTS="535 442 532 474 1248 474 1274 491 1289 491 1307 477 1347 491 1531 480 1679 503 1685 503 1723 485 1953 485 1976 506 1976 509 2392 514 2453 500 2666 520 2672 485 2669 424 2532 433 2456 418 2421 416 2386 430 2168 410 2159 410 2136 424 2110 407 2098 407 2060 421 2043 407 2028 407 2002 421 1830 421 1790 401 1723 416 1603 398 1455 410 1400 392 1391 392 1339 407 1117 407 1097 386 829 398 713 398 710 392 692 378 684 378 535 389 535 442" /></Shape>
	    <String CONTENT="blesse militaire et son aveuglement politique sont é¬" HPOS="532.0" VPOS="378.0" WIDTH="2140.0" HEIGHT="142.0" />
          </TextLine>
          <TextLine ID="eSc_line_9fef87fe" TAGREFS="LT76" BASELINE="555 544 1082 538 1993 552 2683 578" HPOS="553.0" VPOS="474.0" WIDTH="2127.0" HEIGHT="136.0">
            <Shape><Polygon POINTS="553 541 553 573 1210 564 1403 590 1435 590 1603 573 1670 593 1679 593 1726 576 2026 576 2098 602 2401 593 2459 608 2471 608 2494 590 2509 605 2675 610 2680 576 2680 529 1996 517 1964 494 1953 494 1912 512 1868 494 1667 509 1542 485 1478 506 1347 506 1347 503 1295 482 1286 482 1228 500 1208 480 1094 494 1053 477 1045 477 998 497 954 477 841 474 815 494 553 491 553 541" /></Shape>
	    <String CONTENT="gaux à sa turbulence. Pour résister aux forces de l'em¬" HPOS="553.0" VPOS="474.0" WIDTH="2127.0" HEIGHT="136.0" />
          </TextLine>
          <TextLine ID="eSc_line_1b2bb5dc" TAGREFS="LT76" BASELINE="553 645 1714 640 2678 677" HPOS="550.0" VPOS="576.0" WIDTH="2125.0" HEIGHT="125.0">
            <Shape><Polygon POINTS="550 642 550 674 663 654 812 677 1068 680 1111 660 1298 683 1307 683 1336 663 1478 677 1781 669 1830 692 1848 692 1999 672 2031 695 2052 695 2189 674 2328 698 2343 698 2395 686 2669 701 2675 674 2672 622 2547 622 2497 599 2488 599 2439 616 2078 602 2020 613 1941 590 1624 599 1563 584 1318 599 1240 581 1202 602 1181 602 1074 587 972 599 951 584 937 584 919 599 704 599 689 593 605 576 550 590 550 642" /></Shape>
	    <String CONTENT="pereur &lt;...........&gt;, il traîne sur leurs remparts croulants de" HPOS="550.0" VPOS="576.0" WIDTH="2125.0" HEIGHT="125.0" />
          </TextLine>
          <TextLine ID="eSc_line_d6053852" TAGREFS="LT76" BASELINE="553 736 1676 733 2136 744 2384 765 2680 765" HPOS="550.0" VPOS="669.0" WIDTH="2128.0" HEIGHT="122.0">
            <Shape><Polygon POINTS="550 756 678 750 742 773 753 773 774 756 1353 756 1551 779 1589 756 1667 770 1755 756 1778 770 2037 762 2084 779 2107 791 2675 791 2678 762 2675 706 2107 706 2011 680 1781 695 1691 674 1592 692 1499 674 1440 695 1400 674 1388 674 1359 698 1231 672 1176 686 1161 672 713 672 663 692 637 669 625 669 550 692 550 733" /></Shape>
	    <String CONTENT="la ville &lt;....&gt; les vieilles bombardes du Moyen Âge et sol¬" HPOS="550.0" VPOS="669.0" WIDTH="2128.0" HEIGHT="122.0" />
          </TextLine>
          <TextLine ID="eSc_line_bc64f138" TAGREFS="LT76" BASELINE="555 826 1633 832 2657 864" HPOS="550.0" VPOS="756.0" WIDTH="2104.0" HEIGHT="137.0">
            <Shape><Polygon POINTS="553 823 550 849 745 858 794 843 847 866 951 866 1001 846 1045 864 1111 849 1190 866 1254 866 1499 855 1551 872 1574 872 1665 858 1749 875 1900 864 1996 884 2273 872 2648 893 2654 861 2654 814 2587 797 2491 808 2433 788 2337 808 2322 808 2124 785 2092 802 1993 788 1912 800 1892 800 1830 776 1344 791 1307 768 1149 765 1068 785 890 785 864 762 852 762 788 779 753 765 657 776 634 759 634 756 625 756 553 770 553 823" /></Shape>
	    <String CONTENT="licite l'appui de François Ier, alors en paix avec Charles¬" HPOS="550.0" VPOS="756.0" WIDTH="2104.0" HEIGHT="137.0" />
          </TextLine>
          <TextLine ID="eSc_line_4b0a4e6b" TAGREFS="LT76" BASELINE="555 922 2669 942" HPOS="553.0" VPOS="866.0" WIDTH="2113.0" HEIGHT="117.0">
            <Shape><Polygon POINTS="553 919 553 962 849 948 922 968 928 968 931 968 934 968 978 968 1403 954 1717 974 1761 977 1764 977 1828 977 2279 962 2660 983 2666 939 2663 896 553 866 553 919" /></Shape>
	    <String CONTENT="Quint et &lt;....&gt; qui se hâte de lui faire connaître leurs é¬" HPOS="553.0" VPOS="866.0" WIDTH="2113.0" HEIGHT="117.0" />
          </TextLine>
          <TextLine ID="eSc_line_279118d4" TAGREFS="LT76" BASELINE="558 1012 1504 1024" HPOS="553.0" VPOS="968.0" WIDTH="949.0" HEIGHT="90.0">
            <Shape><Polygon POINTS="555 1009 553 1044 1021 1041 1045 1056 1047 1056 1050 1056 1496 1058 1502 1021 1499 977 555 968 555 1009" /></Shape>
	    <String CONTENT="tranges sollicitations." HPOS="553.0" VPOS="968.0" WIDTH="949.0" HEIGHT="90.0" />
          </TextLine>
          <TextLine ID="eSc_line_cdfdd525" TAGREFS="LT76" BASELINE="617 1117 2686 1131" HPOS="611.0" VPOS="1056.0" WIDTH="2072.0" HEIGHT="107.0">
            <Shape><Polygon POINTS="614 1114 611 1140 646 1157 649 1157 652 1157 1353 1149 1443 1163 1446 1163 2680 1154 2683 1128 2680 1073 1467 1079 1213 1058 1187 1058 1184 1058 1181 1058 1178 1058 1146 1076 1071 1058 1068 1058 1065 1058 1062 1058 983 1073 940 1056 934 1056 931 1056 928 1056 925 1056 922 1056 887 1076 759 1076 733 1056 730 1056 727 1056 614 1056 614 1114" /></Shape>
	    <String CONTENT="Exaspéré par tant d'outrecuidance, Charles résolut d'in¬" HPOS="611.0" VPOS="1056.0" WIDTH="2072.0" HEIGHT="107.0" />
          </TextLine>
          <TextLine ID="eSc_line_2deaadb4" TAGREFS="LT76" BASELINE="555 1216 2669 1239" HPOS="553.0" VPOS="1152.0" WIDTH="2113.0" HEIGHT="125.0">
            <Shape><Polygon POINTS="553 1213 553 1256 815 1239 896 1262 946 1262 1304 1245 1522 1245 1574 1265 1761 1250 1918 1274 2084 1259 2136 1277 2503 1259 2660 1277 2666 1236 2663 1195 2570 1195 2485 1172 2477 1172 2401 1195 2282 1195 2276 1189 2238 1175 2229 1175 2194 1189 2136 1169 2049 1189 1743 1189 1714 1169 1612 1186 1545 1160 1536 1160 1478 1186 1353 1186 1082 1154 1001 1154 969 1178 788 1178 707 1152 590 1152 553 1169 553 1213" /></Shape>
	    <String CONTENT="fliger aux Gantois un châtiment exemplaire. Arrivé" HPOS="553.0" VPOS="1152.0" WIDTH="2113.0" HEIGHT="125.0" WC="0.9899412393569946" />
          </TextLine>
          <TextLine ID="eSc_line_c7929d41" TAGREFS="LT76" BASELINE="553 1306 2675 1329" HPOS="547.0" VPOS="1248.0" WIDTH="2125.0" HEIGHT="119.0">
            <Shape><Polygon POINTS="547 1323 1612 1358 1615 1358 1694 1341 1737 1358 1740 1358 1743 1358 1845 1344 1988 1361 1991 1361 2122 1344 2130 1344 2133 1344 2154 1361 2154 1364 2157 1364 2159 1364 2162 1364 2529 1349 2549 1349 2579 1367 2582 1367 2584 1367 2587 1367 2669 1349 2672 1326 2672 1277 1353 1274 1327 1256 1324 1256 1321 1256 1318 1256 1286 1256 1097 1268 1082 1256 1082 1253 1079 1253 1077 1253 1074 1253 1047 1253 876 1265 817 1250 815 1250 812 1250 809 1250 788 1250 585 1262 553 1248 550 1303 547 1323" /></Shape>
	    <String CONTENT="dans la ville le 14 février 1540, entouré d'un appareil mi¬" HPOS="547.0" VPOS="1248.0" WIDTH="2125.0" HEIGHT="119.0" />
          </TextLine>
          <TextLine ID="eSc_line_ae225d3f" TAGREFS="LT76" BASELINE="550 1399 1435 1405 2680 1431" HPOS="547.0" VPOS="1335.0" WIDTH="2131.0" HEIGHT="131.0">
            <Shape><Polygon POINTS="547 1396 547 1434 849 1419 922 1440 1039 1422 1234 1425 1254 1445 1490 1431 1682 1451 1694 1451 1720 1434 1863 1454 2116 1440 2209 1460 2418 1445 2442 1463 2453 1463 2483 1448 2672 1466 2678 1428 2675 1390 2564 1367 2558 1367 2517 1387 2491 1364 2480 1364 2416 1384 2142 1384 1982 1381 1895 1355 1807 1373 1420 1346 1272 1346 1242 1364 730 1361 698 1335 547 1355 547 1396" /></Shape>
	    <String CONTENT="litaire imposant, il &lt;....&gt; chargea le procureur général du" HPOS="547.0" VPOS="1335.0" WIDTH="2131.0" HEIGHT="131.0" />
          </TextLine>
          <TextLine ID="eSc_line_5a4a45a6" TAGREFS="LT76" BASELINE="547 1501 1522 1501 2692 1524" HPOS="544.0" VPOS="1434.0" WIDTH="2145.0" HEIGHT="116.0">
            <Shape><Polygon POINTS="544 1498 544 1527 695 1512 812 1530 1446 1521 1589 1538 2174 1530 2191 1544 2191 1547 2221 1547 2337 1536 2683 1550 2689 1521 2686 1474 2506 1457 2453 1472 2433 1454 2212 1469 2136 1451 1979 1466 1848 1448 1766 1463 1679 1445 1461 1460 1440 1442 1274 1457 1257 1442 978 1454 765 1437 745 1437 716 1451 544 1434 544 1498" /></Shape>
	    <String CONTENT="grand conseil de Malines d'instruire son procès. &lt;.....&gt;" HPOS="544.0" VPOS="1434.0" WIDTH="2145.0" HEIGHT="116.0" />
          </TextLine>
          <TextLine ID="eSc_line_8d287677" TAGREFS="LT76" BASELINE="541 1585 2663 1602" HPOS="535.0" VPOS="1527.0" WIDTH="2125.0" HEIGHT="107.0">
            <Shape><Polygon POINTS="538 1582 535 1617 2654 1634 2660 1600 2660 1562 2517 1541 2317 1556 2293 1538 2282 1538 2253 1553 2171 1538 2139 1556 1953 1556 1944 1550 1892 1536 1673 1550 1525 1533 1458 1547 1292 1533 1245 1547 1187 1530 1010 1530 989 1544 783 1527 719 1541 538 1536 538 1582" /></Shape>
	    <String CONTENT="&lt;..............&gt; Pour faire mieux ressortir sa toute puis¬" HPOS="535.0" VPOS="1527.0" WIDTH="2125.0" HEIGHT="107.0" />
          </TextLine>
          <TextLine ID="eSc_line_964f3015" TAGREFS="LT76" BASELINE="547 1669 2675 1693" HPOS="541.0" VPOS="1626.0" WIDTH="2131.0" HEIGHT="93.0">
            <Shape><Polygon POINTS="544 1666 541 1696 2666 1719 2672 1690 2666 1634 2410 1646 2113 1632 2052 1629 2049 1629 2017 1632 1895 1640 1871 1629 1863 1626 1860 1626 544 1626 544 1666" /></Shape>
	    <String CONTENT="sance souveraine, &lt;.........................&gt; il eut soin" HPOS="541.0" VPOS="1626.0" WIDTH="2131.0" HEIGHT="93.0" />
          </TextLine>
          <TextLine ID="eSc_line_b00adddd" TAGREFS="LT76" BASELINE="558 1768 2651 1800" HPOS="553.0" VPOS="1707.0" WIDTH="2095.0" HEIGHT="134.0">
            <Shape><Polygon POINTS="555 1765 553 1786 800 1792 934 1818 1109 1797 1621 1806 1705 1829 1883 1815 2101 1835 2180 1815 2203 1832 2203 1835 2375 1824 2462 1841 2646 1838 2648 1797 2648 1748 2628 1736 2616 1736 2544 1754 2448 1739 2308 1751 2244 1730 2154 1748 1909 1748 1697 1722 1507 1739 1470 1719 1301 1733 1240 1716 1231 1716 1196 1733 1167 1719 1158 1719 1126 1733 989 1716 905 1728 884 1710 876 1710 768 1728 640 1707 555 1716 555 1765" /></Shape>
	    <String CONTENT="de ne la point traiter en belligérante : il affecta de" HPOS="553.0" VPOS="1707.0" WIDTH="2095.0" HEIGHT="134.0" />
          </TextLine>
          <TextLine ID="eSc_line_b5a23676" TAGREFS="LT76" BASELINE="553 1870 2672 1890" HPOS="547.0" VPOS="1812.0" WIDTH="2122.0" HEIGHT="122.0">
            <Shape><Polygon POINTS="550 1867 547 1890 593 1908 896 1899 966 1917 1088 1902 1152 1922 1292 1902 1362 1920 1589 1908 1624 1925 1633 1925 1694 1905 1761 1928 1961 1911 2063 1931 2340 1911 2369 1934 2378 1934 2666 1914 2669 1888 2669 1847 2069 1847 2037 1826 1801 1841 1778 1829 1761 1824 1737 1829 1723 1838 1598 1826 1536 1824 1519 1826 1478 1838 1432 1821 1158 1835 1123 1818 946 1832 916 1818 908 1818 873 1832 550 1812 550 1867" /></Shape>
	    <String CONTENT="ne voir en elle qu'une simple &lt;.................&gt; rebelle." HPOS="547.0" VPOS="1812.0" WIDTH="2122.0" HEIGHT="122.0" />
          </TextLine>
          <TextLine ID="eSc_line_ddefed2d" TAGREFS="LT76" BASELINE="544 1969 2683 2001" HPOS="538.0" VPOS="1911.0" WIDTH="2142.0" HEIGHT="131.0">
            <Shape><Polygon POINTS="541 1966 538 1995 733 1992 774 2013 899 1998 978 2024 980 2027 1097 2027 1097 2024 1103 2024 1132 2001 1181 2027 1190 2027 1234 2013 1251 2004 1458 2004 1667 2013 1702 2036 1863 2016 2157 2042 2436 2018 2675 2036 2680 1998 2675 1940 2296 1954 2247 1934 2241 1934 1909 1949 1755 1928 1746 1928 1717 1946 1676 1928 1516 1943 1126 1917 1047 1934 893 1917 797 1931 739 1911 730 1911 689 1928 643 1911 541 1925 541 1966" /></Shape>
	    <String CONTENT="La sentence fut prononcée le 29 avril. Elle proclamait les" HPOS="538.0" VPOS="1911.0" WIDTH="2142.0" HEIGHT="131.0" WC="0.9869471408169845" />
          </TextLine>
          <TextLine ID="eSc_line_4e85f992" TAGREFS="LT76" BASELINE="550 2071 2675 2100" HPOS="547.0" VPOS="2016.0" WIDTH="2125.0" HEIGHT="122.0">
            <Shape><Polygon POINTS="547 2068 547 2109 739 2091 943 2112 957 2112 1001 2100 1039 2117 1318 2100 1391 2114 1627 2106 1667 2120 1743 2106 1932 2123 2148 2117 2168 2132 2183 2132 2206 2114 2247 2135 2427 2117 2625 2138 2669 2120 2672 2097 2669 2056 2456 2033 2413 2050 2363 2036 2247 2050 2215 2030 2075 2048 2034 2027 1857 2045 1691 2024 1633 2042 1496 2024 1443 2030 1400 2039 1382 2024 1382 2021 1277 2036 1216 2018 1205 2018 1196 2027 1178 2036 547 2016 547 2068" /></Shape>
	    <String CONTENT="Gantois coupables de sédition et de lèse-majesté. En con¬" HPOS="547.0" VPOS="2016.0" WIDTH="2125.0" HEIGHT="122.0" />
          </TextLine>
          <TextLine ID="eSc_line_edce4795" TAGREFS="LT77" BASELINE="2637 2150 2705 2170" HPOS="2625.0" VPOS="2109.0" WIDTH="85.0" HEIGHT="72.0">
            <Shape><Polygon POINTS="2634 2149 2625 2178 2648 2181 2654 2181 2683 2181 2698 2181 2704 2167 2710 2114 2643 2109 2634 2149" /></Shape>
	    <String CONTENT="les" HPOS="2625.0" VPOS="2109.0" WIDTH="85.0" HEIGHT="72.0" WC="0.9999987284342448" />
          </TextLine>
          <TextLine ID="eSc_line_dff6f0ce" TAGREFS="LT76" BASELINE="550 2164 2710 2190" HPOS="544.0" VPOS="2106.0" WIDTH="2163.0" HEIGHT="125.0">
            <Shape><Polygon POINTS="2701 2167 2643 2152 2631 2129 2616 2129 2573 2146 2442 2132 2285 2144 2261 2129 1988 2141 1909 2120 1746 2138 1699 2117 1691 2117 1638 2135 1630 2135 1595 2117 1499 2129 1458 2114 1269 2132 1213 2112 1097 2123 1021 2109 969 2126 838 2126 631 2123 614 2106 602 2106 547 2120 544 2193 698 2208 730 2187 864 2187 916 2210 1027 2190 1496 2193 1536 2202 1612 2213 1732 2199 2226 2228 2515 2216 2680 2231 2704 2210 2707 2146 2701 2144 2701 2167" /></Shape>
	    <String CONTENT="séquence, elle leur enlevait tous leurs privilèges, dont &lt;.....&gt;" HPOS="544.0" VPOS="2106.0" WIDTH="2163.0" HEIGHT="125.0" />
          </TextLine>
          <TextLine ID="eSc_line_6a97ee79" TAGREFS="LT76" BASELINE="558 2263 1531 2257 2689 2277" HPOS="553.0" VPOS="2199.0" WIDTH="2133.0" HEIGHT="116.0">
            <Shape><Polygon POINTS="555 2260 553 2286 570 2298 582 2298 675 2274 826 2292 1228 2280 1280 2306 1289 2306 1336 2283 1627 2283 1711 2312 1830 2312 1830 2309 1903 2283 2014 2312 2320 2315 2683 2289 2686 2274 2683 2231 2459 2213 2451 2213 2433 2231 2320 2231 2293 2210 1985 2225 1935 2225 1784 2208 1635 2222 1539 2205 1455 2219 1362 2205 1024 2216 995 2202 861 2216 835 2199 555 2213 555 2260" /></Shape>
	    <String CONTENT="chartes seraient remises au&lt;.&gt; prince&lt;.&gt;, confisquait tous" HPOS="553.0" VPOS="2199.0" WIDTH="2133.0" HEIGHT="116.0" />
          </TextLine>
          <TextLine ID="eSc_line_122db429" TAGREFS="LT77" BASELINE="644 2305 765 2301" HPOS="640.0" VPOS="2260.0" WIDTH="122.0" HEIGHT="64.0">
            <Shape><Polygon POINTS="643 2304 643 2324 762 2312 762 2298 753 2260 640 2263 643 2304" /></Shape>
	    <String CONTENT="les" HPOS="640.0" VPOS="2260.0" WIDTH="122.0" HEIGHT="64.0" WC="0.9999999602635702" />
          </TextLine>
          <TextLine ID="eSc_line_02111559" TAGREFS="LT76" BASELINE="558 2347 1507 2347 2675 2370" HPOS="553.0" VPOS="2283.0" WIDTH="2119.0" HEIGHT="122.0">
            <Shape><Polygon POINTS="759 2301 733 2304 719 2301 701 2304 643 2304 631 2286 596 2283 555 2301 553 2370 1633 2388 1676 2376 1781 2394 1915 2379 2069 2397 2410 2388 2448 2405 2669 2405 2672 2368 2669 2327 2596 2327 2596 2324 2573 2306 2561 2306 2500 2324 2491 2324 2430 2306 2218 2321 2148 2321 1830 2304 1822 2304 1810 2315 1790 2301 1778 2301 1737 2315 1699 2295 1630 2309 1487 2295 1467 2312 1298 2312 1272 2292 1027 2306 989 2289 890 2304 870 2286 791 2286 762 2292 759 2301" /></Shape>
	    <String CONTENT="&lt;.....&gt; biens appartenant à la commune et aux métiers," HPOS="553.0" VPOS="2283.0" WIDTH="2119.0" HEIGHT="122.0" />
          </TextLine>
          <TextLine ID="eSc_line_feb0f1c0" TAGREFS="LT76" BASELINE="553 2446 1295 2440 2686 2464" HPOS="547.0" VPOS="2373.0" WIDTH="2136.0" HEIGHT="125.0">
            <Shape><Polygon POINTS="550 2443 547 2461 882 2481 1001 2461 1079 2481 1202 2466 1242 2464 1414 2478 1603 2466 1630 2469 1697 2484 1836 2469 2017 2493 2136 2475 2162 2496 2325 2481 2453 2496 2555 2484 2576 2498 2584 2498 2680 2478 2683 2461 2683 2402 2637 2394 2573 2414 2509 2402 2424 2391 2398 2402 2381 2414 2244 2414 2145 2391 2005 2408 1973 2385 1825 2402 1784 2385 1775 2385 1732 2400 1697 2382 1507 2379 1429 2402 1333 2402 1304 2376 1152 2394 1097 2373 1088 2373 1004 2397 823 2397 800 2379 785 2379 768 2394 550 2394 550 2443" /></Shape>
	    <String CONTENT="ainsi que l'artillerie de la ville, décidait que « Roland »," HPOS="547.0" VPOS="2373.0" WIDTH="2136.0" HEIGHT="125.0" />
          </TextLine>
          <TextLine ID="eSc_line_84f24a37" TAGREFS="LT76" BASELINE="550 2542 1752 2539 2520 2557 2686 2577" HPOS="544.0" VPOS="2475.0" WIDTH="2139.0" HEIGHT="117.0">
            <Shape><Polygon POINTS="547 2539 544 2557 637 2580 713 2560 980 2580 1042 2562 1100 2580 1289 2562 1350 2589 1426 2589 1426 2586 1432 2586 1467 2565 1761 2565 1900 2589 2110 2574 2678 2592 2683 2574 2680 2510 2491 2487 2235 2507 2171 2487 2017 2501 1993 2484 1848 2504 1787 2481 1670 2496 1618 2481 1606 2481 1586 2498 1551 2481 1542 2481 1507 2498 1470 2481 1321 2481 1298 2498 1263 2478 1254 2478 1202 2498 1111 2481 1103 2481 1074 2498 1010 2481 1001 2481 948 2498 759 2498 736 2484 707 2475 547 2481 547 2539" /></Shape>
	    <String CONTENT="la grosse cloche du beffroi, serait « dépendue ». Les échevins," HPOS="544.0" VPOS="2475.0" WIDTH="2139.0" HEIGHT="117.0" />
          </TextLine>
          <TextLine ID="eSc_line_944aa5b9" TAGREFS="LT76" BASELINE="558 2635 2710 2650" HPOS="555.0" VPOS="2577.0" WIDTH="2152.0" HEIGHT="113.0">
            <Shape><Polygon POINTS="555 2632 555 2664 678 2658 765 2676 969 2661 1010 2685 1149 2685 1149 2682 1222 2661 1359 2682 1417 2661 1490 2685 1900 2667 1970 2688 2247 2667 2273 2690 2282 2690 2704 2673 2707 2609 2515 2609 2456 2589 2448 2589 2404 2606 2343 2589 2221 2603 2197 2586 2183 2586 2157 2606 1932 2606 1903 2586 1560 2600 1531 2583 1414 2580 1260 2600 992 2600 957 2577 946 2577 893 2592 876 2594 855 2592 809 2577 800 2577 765 2594 730 2577 719 2577 701 2592 631 2577 555 2586 555 2632" /></Shape>
	    <String CONTENT="trente bourgeois &lt;..&gt;, le doyen des tisserands, dix hommes" HPOS="555.0" VPOS="2577.0" WIDTH="2152.0" HEIGHT="113.0" />
          </TextLine>
          <TextLine ID="eSc_line_4ff67038" TAGREFS="LT76" BASELINE="555 2734 2689 2743" HPOS="550.0" VPOS="2693.0" WIDTH="2136.0" HEIGHT="91.0">
            <Shape><Polygon POINTS="553 2731 550 2754 806 2778 809 2778 1152 2763 1164 2763 1170 2763 1277 2781 1280 2781 1391 2766 1408 2763 1411 2766 1429 2781 1432 2781 1435 2781 1438 2781 1516 2766 1539 2763 1592 2766 1734 2781 1737 2781 1848 2769 1924 2763 2250 2766 2264 2775 2288 2784 2290 2784 2293 2784 2331 2775 2375 2766 2680 2778 2686 2740 2683 2702 553 2693 553 2731" /></Shape>
	    <String CONTENT="de chaque métier, cinquante personnes du « membre »" HPOS="550.0" VPOS="2693.0" WIDTH="2136.0" HEIGHT="91.0" WC="0.9983757661313427" />
          </TextLine>
          <TextLine ID="eSc_line_bac55121" TAGREFS="LT76" BASELINE="561 2830 2616 2836" HPOS="558.0" VPOS="2778.0" WIDTH="2056.0" HEIGHT="90.0">
            <Shape><Polygon POINTS="558 2827 558 2868 2611 2859 2614 2833 2611 2795 558 2778 558 2827" /></Shape>
	    <String CONTENT="des tisserands et cinquante creesers(1) « deschaus et" HPOS="558.0" VPOS="2778.0" WIDTH="2056.0" HEIGHT="90.0" />
          </TextLine>
          <TextLine ID="eSc_line_23260695" TAGREFS="LT76" BASELINE="558 2926 2695 2938" HPOS="555.0" VPOS="2871.0" WIDTH="2137.0" HEIGHT="93.0">
            <Shape><Polygon POINTS="555 2923 555 2964 2689 2961 2692 2935 2692 2897 2660 2880 2657 2880 2654 2880 2311 2894 2293 2894 2288 2894 2221 2880 2218 2880 2215 2880 2174 2894 2171 2894 2157 2894 2005 2877 2002 2877 1726 2891 1699 2891 1694 2891 1624 2874 1621 2874 1618 2874 1615 2874 1554 2891 1504 2891 1318 2891 1315 2888 1295 2874 1292 2874 1289 2874 1286 2874 1283 2874 1237 2888 1231 2888 841 2888 841 2885 823 2871 820 2871 817 2871 815 2871 555 2882 555 2923" /></Shape>
	    <String CONTENT="à teste nue » et tous « estant en linge » feront amende" HPOS="555.0" VPOS="2871.0" WIDTH="2137.0" HEIGHT="93.0" WC="0.993097647181097" />
          </TextLine>
          <TextLine ID="eSc_line_c6c0c4cd" TAGREFS="LT76" BASELINE="547 3028 2686 3042" HPOS="541.0" VPOS="2967.0" WIDTH="2142.0" HEIGHT="113.0">
            <Shape><Polygon POINTS="544 3025 541 3048 1036 3051 1071 3074 1082 3074 1135 3060 1266 3074 1321 3057 1333 3057 1828 3080 2680 3066 2683 3040 2680 2981 2547 3002 2363 3002 2346 2984 2334 2984 2299 2999 2241 2984 1964 2996 1929 2978 1854 2993 1833 2976 1403 2993 1356 2973 1344 2973 1318 2993 1138 2993 1100 2973 963 2987 940 2970 931 2970 654 2987 544 2967 544 3025" /></Shape>
	    <String CONTENT="honorable à l'empereur. Les fossés de l'enceinte, depuis la" HPOS="541.0" VPOS="2967.0" WIDTH="2142.0" HEIGHT="113.0" />
          </TextLine>
          <TextLine ID="eSc_line_522912a5" TAGREFS="LT76" BASELINE="553 3127 960 3124 1507 3141 2657 3136" HPOS="550.0" VPOS="3072.0" WIDTH="2104.0" HEIGHT="96.0">
            <Shape><Polygon POINTS="550 3124 550 3168 2651 3168 2654 3133 2648 3092 2538 3072 2451 3092 2124 3092 2087 3072 2078 3072 2034 3092 1807 3092 1775 3074 1627 3089 1603 3072 1513 3072 1467 3092 1237 3092 1216 3072 1085 3074 983 3089 954 3072 640 3086 550 3072 550 3124" /></Shape>
	    <String CONTENT="porte d'Anvers jusqu'à l'Escaut, seront comblés. Enfin," HPOS="550.0" VPOS="3072.0" WIDTH="2104.0" HEIGHT="96.0" />
          </TextLine>
          <TextLine ID="eSc_line_6e40c288" TAGREFS="LT76" BASELINE="532 3211 1458 3220 1822 3234 2573 3232 2660 3243" HPOS="529.0" VPOS="3153.0" WIDTH="2128.0" HEIGHT="125.0">
            <Shape><Polygon POINTS="529 3208 532 3258 576 3240 791 3240 829 3266 861 3261 902 3243 937 3261 954 3266 983 3261 1036 3243 1210 3243 1257 3269 1379 3246 1918 3275 2273 3261 2398 3278 2453 3255 2512 3255 2541 3278 2549 3278 2654 3264 2657 3240 2657 3188 2582 3168 2445 3185 2215 3185 2177 3165 2168 3165 2130 3182 1836 3182 1807 3162 1796 3162 1740 3179 1577 3165 1571 3165 1542 3179 1484 3159 1263 3176 1170 3156 1161 3156 1132 3173 794 3153 585 3153 529 3170 529 3208" /></Shape>
	    <String CONTENT="la ville payera sa part dans l'aide refusée en 1537," HPOS="529.0" VPOS="3153.0" WIDTH="2128.0" HEIGHT="125.0" />
          </TextLine>
        </TextBlock>
        <TextBlock HPOS="120.0" VPOS="2941.0" WIDTH="214.0" HEIGHT="253.0" ID="eSc_textblock_9f99f464" TAGREFS="BT131">
          <Shape><Polygon POINTS="334 3194 334 2941 120 2941 120 3194" /></Shape>
          <TextLine ID="eSc_line_47092cd2" TAGREFS="LT76" BASELINE="142 3085 247 3078" HPOS="133.0" VPOS="3010.0" WIDTH="111.0" HEIGHT="128.0">
            <Shape><Polygon POINTS="139 3138 244 3118 244 3077 235 3010 133 3010 139 3083" /></Shape>
	    <String CONTENT="3)" HPOS="133.0" VPOS="3010.0" WIDTH="111.0" HEIGHT="128.0" />
          </TextLine>
        </TextBlock>
        <TextBlock HPOS="506.0" VPOS="3259.0" WIDTH="2207.0" HEIGHT="233.0" ID="eSc_textblock_f8de9d66" TAGREFS="BT136">
          <Shape><Polygon POINTS="506 3259 506 3492 2713 3492 2713 3382 2713 3284 684 3260" /></Shape>
          <TextLine ID="eSc_line_23fa1b8f" TAGREFS="LT76" BASELINE="561 3339 864 3328 1758 3342 2666 3336" HPOS="558.0" VPOS="3258.0" WIDTH="2105.0" HEIGHT="122.0">
            <Shape><Polygon POINTS="2418 3275 2331 3275 2320 3272 2232 3284 2189 3272 2127 3272 2104 3269 1999 3287 1973 3269 1924 3269 1915 3266 1784 3287 1699 3264 1670 3264 1627 3290 1504 3290 1470 3264 1458 3264 1408 3284 1339 3269 1240 3284 1216 3266 1205 3266 1155 3284 1123 3261 1114 3261 989 3284 957 3258 922 3261 870 3272 835 3258 558 3258 558 3377 652 3360 713 3380 838 3380 838 3377 844 3377 876 3360 1106 3360 1129 3374 1277 3360 1307 3377 1472 3380 1568 3365 1746 3380 1755 3380 1775 3365 1822 3380 2119 3365 2299 3377 2317 3362 2558 3380 2660 3362 2663 3333 2657 3290 2456 3290 2448 3284 2418 3275" /></Shape>
	    <String CONTENT="(1) On appelait ainsi, c'est à dire braillards, la popu¬" HPOS="558.0" VPOS="3258.0" WIDTH="2105.0" HEIGHT="122.0" />
          </TextLine>
          <TextLine ID="eSc_line_6f819804" TAGREFS="LT76" BASELINE="555 3418 2570 3418" HPOS="553.0" VPOS="3360.0" WIDTH="2014.0" HEIGHT="104.0">
            <Shape><Polygon POINTS="553 3415 553 3447 579 3464 590 3464 643 3447 686 3464 832 3447 1050 3447 1071 3464 1222 3447 1496 3464 2462 3447 2564 3464 2567 3374 2293 3360 2285 3360 2267 3377 1507 3377 1330 3360 1216 3374 1106 3360 1007 3374 978 3360 969 3360 925 3374 925 3377 654 3377 608 3360 599 3360 553 3374 553 3415" /></Shape>
	    <String CONTENT="lace qui avait fait la loi à la ville pendant les troubles." HPOS="553.0" VPOS="3360.0" WIDTH="2014.0" HEIGHT="104.0" />
          </TextLine>
        </TextBlock>
      </PrintSpace>
    </Page>
  </Layout>
</alto>