2713 3469
2435.0 14.0 121.0 84.0 131

581.0 60.0 2039.0 119.0 toutes espèces : économiques, politiques, religieuses,

581.0 190.0 2036.0 90.0 poussent à la catastrophe. Elle s'accomplit dans

575.0 283.0 1987.0 104.0 les diverses régions des Pays-Bas presque au même

581.0 390.0 2036.0 84.0 moment. <...........................................>

569.0 482.0 2039.0 93.0 <..........................................>

595.0 575.0 2057.0 104.0 <............................> Seules les petites villes où

581.0 679.0 1958.0 89.0 le patriciat n'a pu se développer comme dans les

598.0 786.0 2028.0 92.0 grandes communes et où les contrastes sociaux <.....>

592.0 867.0 2051.0 86.0 <..............> étant peu marqués les haines de classe

581.0 985.0 1987.0 87.0 n'ont pu faire leur œuvre - en sont restées a peu près

572.0 1060.0 1999.0 99.0 indemnes. La révolution démocratique a épargné

584.0 1156.0 2036.0 92.0 le Hainaut, à l'exception de Valenciennes et de Mau¬

581.0 1248.0 2039.0 90.0 beuge - et les Pays-Bas du Nord - à l'exception d'U¬

584.0 1347.0 2027.0 101.0 trecht. Mais elle s'est déroulée dans le pays de Liège,

601.0 1451.0 2051.0 98.0 dans la Flandre et dans le Brabant avec une violence,

590.0 1555.0 2053.0 92.0 une richesse de péripéties, une énergie et une durée

598.0 1656.0 2042.0 104.0 dont on ne trouve l'équivalent que dans les ré¬

595.0 1740.0 1467.0 115.0 publiques municipales de l'Italie.

1799.0 1818.0 81.0 81.0 la

2365.0 1824.0 113.0 78.0 en

668.0 1841.0 1978.0 116.0 Il ne peut être question ici de raconter <.......> dé¬

601.0 1945.0 1999.0 95.0 tail. Nous nous bornerons à en esquisser les traits

604.0 2049.0 2030.0 93.0 principaux dans les deux contrées où l'on en peut

1686.0 2110.0 231.0 69.0 nature

604.0 2136.0 2001.0 110.0 le mieux apprécier sa <...........> et observer les

610.0 2225.0 2059.0 122.0 <..........> modifications qu'elle présente<..> suivant

601.0 2338.0 2068.0 136.0 les circonstances : la principauté de Liège et le comté

595.0 2422.0 495.0 104.0 de Fandre.

1437.0 2621.0 165.0 119.0 II

633.0 2757.0 2025.0 122.0 C'est au milieu du XIIIe siècle que commence, dans

607.0 2882.0 2079.0 110.0 les villes liégeoises la lutte des « petits » contre les « grands »

630.0 2980.0 2022.0 107.0 Elle durera plus d'un siècle, acharnée et opiniâtre, et ne

618.0 3081.0 2042.0 110.0 cessera qu'avec la victoire complète des premiers sur les

610.0 3171.0 2048.0 104.0 seconds. Nous sommes très mal renseignés sur ses

627.0 3266.0 2010.0 119.0 premiers épisodes. En 1253, un patricien, apparenté à
