2713 3361
2556.0 14.0 112.0 98.0 220

667.0 70.0 2006.0 103.0 Guillaume de Nassau, accourt bientôt se mettre à sa

664.0 182.0 2015.0 95.0 tête et risquer avec elle le tout pour le tout. Avec lui,

655.0 274.0 2001.0 95.0 le chaos s'organise. La populace maîtresse des villes en

647.0 369.0 2054.0 107.0 tumulte rentre dans l'ordre. Tout cède à la nécessité de

653.0 464.0 2029.0 110.0 la défense et s'abandonne à la direction du clair et per¬

653.0 562.0 1177.0 101.0 sévérant génie du Taciturne.

739.0 660.0 1906.0 115.0 Pourtant, les provinces du Sud restent au pouvoir

658.0 747.0 2010.0 143.0 de l'Espagne. Durant l'héroïque résistance de la Hol¬

650.0 837.0 2029.0 151.0 lande et de la Zélande, à Albe d'abord (  ), à Reque¬

655.0 935.0 2007.0 134.0 sens ensuite ( ), elles ne cherchent point à secouer

672.0 1022.0 1982.0 140.0 le joug qui pèse sur elles. A mesure que la <...> rébellion

653.0 1123.0 1975.0 120.0 prend un caractère de plus en plus calviniste, <.....> la

647.0 1201.0 1993.0 129.0 sympathie qu'elle avait tout d'abord rencontrée en Belgi¬

655.0 1299.0 2010.0 118.0 que, où l'élément catholique l'emporte de beaucoup, fait

650.0 1375.0 2009.0 154.0 place peu à peu à la défiance. Lorsque, en       ,<......>

647.0 1478.0 2009.0 132.0 <..............................> après la mort

641.0 1576.0 1987.0 132.0 inopinée du gouverneur Requesens, le Conseil d'État et les

653.0 1666.0 1981.0 126.0 États Généraux se sont chargés d'administrer provisoire¬

647.0 1758.0 2026.0 124.0 ment le pays, on les voit affirmer <...........> leur obéis¬

630.0 1845.0 2004.0 115.0 sance au roi, leur <.......> résolution de ne tolérer que

650.0 1943.0 2006.0 112.0 l'exercice exclusif du catholicisme, et manifester plus

644.0 2027.0 1984.0 98.0 nettement encore leur antipathie croissante pour le

667.0 2117.0 1964.0 106.0 prince d'Orange. La haute noblesse cherche à exploiter

661.0 2209.0 1973.0 112.0 les circonstances pour reprendre l'ascendant dont elle a

667.0 2299.0 1973.0 126.0 joui sous Marguerite de Parme et pour rendre au pays

658.0 2391.0 1990.0 126.0 sa vieille constitution traditionnelle, telle qu'elle existait

644.0 2495.0 1743.0 118.0 au temps des ducs de Bourgogne et de Charles Quint.

717.0 2587.0 1959.0 135.0 C'est alors que les villes entrent en scène. L'opposition loya¬

639.0 2677.0 2057.0 135.0 liste, telle que l'entend la noblesse, <......> ne peut plus leur

630.0 2767.0 2077.0 148.0 suffire. Elles exigent des mesures radicales. <.........>, La haine que

627.0 2862.0 2046.0 132.0 le régime espagnol a suscitée <........................>

624.0 2957.0 2055.0 115.0 <....> les pousse à une rupture déclarée avec Philippe II. Le suc¬

639.0 3047.0 2026.0 126.0 cès de la résistance en Hollande et en Zélande <.........>

647.0 3148.0 2015.0 114.0 <........................> excite chez elles l'espoir d'une
