2713 3511
2528.0 23.0 111.0 70.0 67

556.0 40.0 2080.0 126.0 Philippe d'Alsace (1168-1191) toutes les grandes villes ob¬

538.0 125.0 2095.0 114.0 tinrent les mêmes institutions et furent régies par des

538.0 207.0 2116.0 106.0 Keures identiques, de sorte que les droits et les devoirs de cha¬

535.0 298.0 2137.0 94.0 cune d'elles constituèrent la mesure et la garantie de

535.0 386.0 2113.0 90.0 ceux des autres. Toutes aussi, traitées avec une égale bien¬

541.0 471.0 2095.0 108.0 veillance, occupèrent vis à vis du prince la même si¬

529.0 550.0 2078.0 120.0 tuation et <............> également protégées par lui

547.0 661.0 1747.0 90.0 respectèrent également son autorité (1).

561.0 740.0 2072.0 108.0 Chose curieuse, ce fut la charte, d'une ville romane, celle

535.0 828.0 2113.0 119.0 d'Arras qui, étendue aux diverses villes du comté, dont la

535.0 933.0 2128.0 96.0 plupart se trouvaient pourtant dans la région germa¬

532.0 1015.0 2116.0 108.0 nique, devint la base de leur droit. Le type d'organisation

550.0 1097.0 2110.0 125.0 qu'elle nous présente est fort simple. Chaque ville, soustraite

538.0 1190.0 2087.0 111.0 à l'échevinage territorial de sa châtellenie, possède ses

535.0 1287.0 2137.0 99.0 échevins particuliers, habituellement au nombre de dou¬

535.0 1372.0 2142.0 105.0 ze ou de treize. Choisis par le comte, mais exclusivement

538.0 1459.0 2134.0 112.0 dans le sein de la bourgeoisie, <...> leur nature est mixte.

547.0 1553.0 2107.0 114.0 Ils sont <.......> les "jugeurs" du prince qui les fait présider

535.0 1635.0 2134.0 129.0 par un officier à lui, le châtelain tout d'abord, plus tard,

1764.0 1708.0 141.0 59.0 mais

544.0 1723.0 2128.0 134.0 à partir du XIIe siècle, le bailli, <..> ils sont en même temps

544.0 1825.0 2122.0 126.0 les conseillers de la commune. En eux s'affirme de <..> ma¬

535.0 1931.0 2134.0 102.0 nière significative la bonne entente du pouvoir sou¬

869.0 2004.0 178.0 67.0 et des

535.0 2015.0 2087.0 106.0 verain <.......> aspirations municipales. La dualité des

532.0 2118.0 2134.0 91.0 magistratures urbaines que nous avons constatée dans

541.0 2179.0 2122.0 123.0 le pays de Liège où chacune des deux parties en présence s'oppose

529.0 2273.0 2148.0 105.0 nettement à sa rivale, n'existe point ici. Les grandes vil¬

544.0 2372.0 2122.0 76.0 les flamandes, c'est à dire ces puissantes agglomérations

538.0 2457.0 2134.0 76.0 commerciales où s'est constitué le droit urbain ne connais¬

544.0 2554.0 2107.0 85.0 sent point les jurés. On ne rencontre ceux-ci que dans des

544.0 2630.0 2098.0 76.0 localités secondaires, dans des bourgs relevant d'un

556.0 2738.0 2092.0 120.0 ment appartient en réalité à la fin du XIIe siècle. Voy. V.

561.0 2835.0 337.0 105.0 Fris ....

553.0 2917.0 2095.0 155.0 (1) L. Vanderkindere, dans son étude sur La politique de Phi¬

547.0 3025.0 2095.0 152.0 lippe d'Alsace et des conséquences. Bullet. de l'Acad. de Belgique.

535.0 3139.0 2116.0 99.0 classe des Lettres 1905, p.749 suiv, croit au contraire que

520.0 3218.0 2163.0 120.0 Philippe fut aux communes. J'ai exposé ailleurs.

541.0 3306.0 2131.0 126.0 (Histoire de Belgique, T.II, 3e édit., p.198) les raisons pour

535.0 3399.0 1709.0 100.0 lesquelles je ne puis me rallier à son opinion.
