2713 3552
2550.0 17.0 136.0 74.0 28

580.0 71.0 2085.0 94.0 La concentration rapide <.........> du capital

586.0 139.0 2020.0 136.0 -ici du capital foncier, là du capital mobilier-

592.0 242.0 1898.0 130.0 aux mains d'un petit nombre de privilégiés.

645.0 340.0 2023.0 136.0 Mais <....... ... ..... .. ......> la fortune

586.0 435.0 2088.0 124.0 des marchands profite à la chose publique et l'usage

592.0 520.0 2038.0 140.0 qu'ils en font justifie l'influence sociale dont ils

589.0 609.0 2061.0 128.0 jouissent. <... ...... .... ... .... ...... ... .......>

598.0 698.0 2091.0 136.0 L'initiative <.............> privée rivalise avec l'i¬

586.0 787.0 2094.0 121.0 nitiative corporative. A côté des travaux d'utilité

2141.0 861.0 95.0 56.0 en

2452.0 846.0 237.0 71.0 d'autres

598.0 888.0 2088.0 139.0 générale secondés par les gildes, <.....> on constate <......>,

589.0 973.0 2091.0 142.0 dès le XIe siècle, qui sont dus à des particuliers. De riches

590.0 1073.0 2122.0 132.0 commerçants emploient généreusement leur fortune

589.0 1157.0 2085.0 151.0 dans l'intérêt de leurs concitoyens. L'un d'eux, en 1043,

589.0 1246.0 2085.0 151.0 construit une église à Saint-Omer^(1); un autre, un

586.0 1334.0 2073.0 169.0 peu plus tard, rachète à Cambrai le tonlieu d'une

595.0 1423.0 2097.0 157.0 des portes de la ville et pourvoit à  l'entretien d'un

592.0 1518.0 2094.0 186.0 pont ^(2). [Ainsi, on voit apparaître de très bonne heure

586.0 1628.0 2091.0 168.0 au milieu des portus, les premiers linéaments du patri¬

583.0 1737.0 2079.0 142.0 ciat urbain. Une classe riche se forme, qui prend en

586.0 1835.0 2076.0 124.0 main la direction de l'agglomération <........>

586.0 1932.0 2082.0 137.0 <........ ... .......... ........ .. ... .......... .....>

586.0 2018.0 2067.0 139.0 <........ ... .......... ........ .. ... .......... .....>

781.0 2116.0 320.0 74.0 Influente

598.0 2104.0 2046.0 136.0 <........> par son importance sociale, solide par

586.0 2190.0 2091.0 142.0 l'étroite association de ses membres en un même corps,

590.0 2291.0 2093.0 120.0 elle s'essaye à la vie politique. <.... .. .. ... .. ...>

583.0 2356.0 2118.0 160.0 <... .... ... .....> Les revendications de la bour¬

610.0 2474.0 2082.0 142.0 geoisie, dont nous avons cherché plus haut à détermi¬

589.0 2578.0 2088.0 145.0 ner le programme, trouvent en elle, à la fois, leur organe

592.0 2720.0 808.0 97.0 et leur champion.

610.0 3167.0 1501.0 151.0 (1) Giry. Histoire de Saint-Omer, p. 370.

601.0 3276.0 2026.0 178.0 (2) Gestes des évêques de Cambrai, éd. De Smedt, p.

595.0 3395.0 142.0 109.0 131.
