2713 3497
2505.0 40.0 137.0 105.0 92

598.0 75.0 2050.0 120.0 en 1431, c'est-à-dire à une époque où la draperie

600.0 192.0 2057.0 90.0 est en pleine décadence, elle comprend encore

609.0 279.0 2048.0 94.0 51.6 pour cent de l'ensemble des professions, tandis

621.0 367.0 2027.0 113.0 qu'à la même date, à Francfort-sur-le-Main,

606.0 469.0 2013.0 119.0 elle n'y intervient que dans la proportion de

600.0 559.0 566.0 105.0 16  pour cent.

621.0 664.0 2045.0 111.0 Les multitudes ouvrières des grandes villes indus¬

606.0 766.0 2051.0 87.0 trielles paraissent avoir vécu dans une condi¬

609.0 850.0 2068.0 94.0 tion assez rapprochée de celle des modernes prolétai¬

603.0 944.0 2031.0 96.0 res. Leur existence était précaire et livrée à la

603.0 1034.0 2060.0 99.0 merci des crises et des chômages. Que l'ouvrage

609.0 1119.0 2077.0 99.0 vint à manquer, les métiers partout cessaient

621.0 1209.0 2059.0 90.0 de battre et des bandes de sans-travail se répan¬

624.0 1290.0 2053.0 114.0 daient par le pays, mendiant un pain qu'ils ne

606.0 1384.0 2054.0 102.0 pouvaient plus se procurer par leur labeur. Cer¬

606.0 1474.0 2069.0 102.0 tainement, la situation de ces grands métiers

600.0 1561.0 2072.0 105.0 sur lesquels reposait la richesse de la Flandre

624.0 1655.0 2045.0 99.0 étaient bien inférieure en stabilité et en in¬

627.0 1751.0 2015.0 111.0 dépendance à celle des autres artisans. De là la

627.0 1853.0 2039.0 108.0 turbulence et l'esprit de révolte qui leur sont

630.0 1952.0 2027.0 96.0 si souvent reprochés depuis le commencement

633.0 2034.0 2053.0 113.0 du XIIe siècle, et dont ils ont d'ailleurs donné tant

627.0 2127.0 2033.0 116.0 de preuves. En dehors des époques de chômage, la

635.0 2229.0 2034.0 99.0 condition des maîtres, propriétaires ou locataires

630.0 2316.0 2004.0 105.0 d'ateliers était satisfaisante, mais il en allait

635.0 2412.0 2025.0 105.0 tout autrement pour les valets ou compagnons

621.0 2503.0 2027.0 111.0 occupés par eux. Ceux-ci habitent dans les fau¬

627.0 2599.0 2036.0 99.0 bourgs de misérables chaumières louées à la

624.0 2695.0 2024.0 102.0 semaine. La plupart du temps, ils n'ont d'autre

644.0 2788.0 1996.0 105.0 propriété que les vêtements qu'ils portent. Ils

644.0 2873.0 2007.0 116.0 vont de ville en ville chercher <.....................> à

621.0 2972.0 2056.0 102.0 louer leurs bras. Le lundi matin, on les rencon¬

624.0 3065.0 2042.0 93.0 tre sur les places, sur les marchés, autour des

612.0 3156.0 2039.0 113.0 églises, attendant anxieusement les patrons

641.0 3246.0 2048.0 119.0 qui les embaucheront pour huit jours. Pendant

635.0 3342.0 1981.0 111.0 la semaine, la cloche des ouvriers ( werkklok )

131.0 3220.0 262.0 177.0 I. 273
