2713 3459
2433.0 5.0 144.0 133.0 169

544.0 37.0 1941.0 110.0 posée par la <......> répartition des habitants en une

1997.0 112.0 470.0 60.0 n'intervient dans

567.0 132.0 2007.0 127.0 foule de corporations distinctes. Personne <.............>

544.0 213.0 2131.0 118.0 l'administration urbaine en qualité de simple bourgeois. Pour

553.0 311.0 2110.0 118.0 participer à celle-ci il faut appartenir à un groupement

559.0 394.0 2070.0 113.0 légal. La vie politique comme la vie économique ne sont

553.0 484.0 2102.0 106.0 possibles qu'aux collectivités: elles ne sont accessibles ni l'une

547.0 562.0 2062.0 129.0 ni l'autre à l'individu isolé. Le jus civitatis ne sort ses ef¬

559.0 686.0 2081.0 106.0 fets que par l'inscription du citoyen dans un métier ou

550.0 775.0 1554.0 109.0 dans un collège officiellement reconnu.

585.0 873.0 2027.0 109.0 Dans les villes où la constitution économique est très sim¬

550.0 962.0 2064.0 121.0 ple, à Liège, par exemple, tous les métiers <...............>

550.0 1063.0 2073.0 115.0 <...................> possèdent une influence égale. Mais,

542.0 1164.0 2096.0 101.0 la plupart du temps, la différence trop grande de leurs for¬

547.0 1248.0 2091.0 98.0 ces ou de leurs intérêts a eu pour résultat <............>

539.0 1340.0 2096.0 112.0 <..................................................>

544.0 1435.0 2079.0 118.0 <..............................................>

553.0 1547.0 2064.0 107.0 <.............................> la consti¬

539.0 1631.0 2099.0 104.0 tution de membres (leden) comprenant chacun un ou plu¬

544.0 1738.0 2053.0 98.0 sieurs groupements professionnels. A Bruges, au milieu du

542.0 1841.0 2087.0 87.0 XIVe siècle, la commune renferme neuf membres : 1° la poor¬

533.0 1919.0 2090.0 95.0 terie, c'est à dire les <......> bourgeois vivant de leurs rentes

533.0 2023.0 2076.0 115.0 ou du grand commerce; 2° les métiers de la draperie: tis¬

539.0 2124.0 2087.0 107.0 serands, foulons, tondeurs et teinturiers; 3° les bouchers

530.0 2231.0 2093.0 115.0 et les poissonniers; 4° les dix-sept neeringen ou corpora¬

521.0 2323.0 355.0 89.0 tions des

550.0 2530.0 2047.0 113.0 5° le hamere (marteau) ou métiers travaillant le métal;

544.0 2634.0 2082.0 110.0 6° le ledre (cuir) ou métiers travaillant le cuir; 7° le

544.0 2732.0 2082.0 110.0 naelde (aiguille) ou métiers travaillant à l'aiguille; 8°

527.0 2842.0 969.0 106.0 les boulangers, chapeliers,

544.0 2934.0 2088.0 118.0 9° les courtiers avec quelques autres petits métiers. Il est visible

542.0 3035.0 2107.0 124.0 que la similitude des professions a été prise comme prin¬

539.0 3136.0 2084.0 135.0 cipe de répartition quoique l'on se soit vu forcé dans bien des

539.0 3231.0 2052.0 153.0 cas, pour maintenir l'équilibre entre les groupes d'y faire
