2713 3420
2473.0 19.0 134.0 75.0 144

556.0 54.0 2051.0 94.0 <........................> prennent hardiment la

544.0 142.0 2029.0 94.0 direction de la démocratie urbaine. Ils ont compris que

550.0 253.0 1997.0 86.0 la seule chance qu'ils aient encore d'arracher au roi

556.0 327.0 2071.0 86.0 leur héritage, c'est de conduire au combat et <........>

553.0 410.0 2060.0 100.0 d'électriser par leur présence, les <......> tisserands et

550.0 495.0 2020.0 97.0 les foulons qu'a mis debout la voix de De Coninc. Leur

556.0 584.0 2060.0 91.0 présence soulève partout une joie délirante et sous la

547.0 672.0 2071.0 97.0 conduite de ces élégants chevaliers, élevés à la française et

539.0 763.0 2068.0 94.0 ne parlant que le français, les robustes bataillons fla¬

539.0 857.0 2042.0 100.0 mands marchent à la rencontre de l'ennemi. <.....>

561.0 946.0 711.0 91.0 <.......................>

653.0 1028.0 1945.0 86.0 <.....> Ils le rencontrèrent sous les murs de Courtrai

547.0 1117.0 2088.0 94.0 et, après une lutte acharnée, leur armée improvisée vint

550.0 1182.0 2031.0 106.0 à bout de la belle chevalerie de Robert d'Artois. Il serait

556.0 1285.0 2091.0 88.0 injuste sans doute de ne pas attribuer leur victoire, pour

564.0 1368.0 2069.0 102.0 une bonne partie, à <................> l'avantage du

596.0 1462.0 2014.0 82.0 terrain, au talent des jeunes princes qui disposèrent

567.0 1519.0 365.0 74.0 les communiers

561.0 1550.0 2029.0 108.0 <.............> et à l'imprudence du général français,

564.0 1647.0 2071.0 102.0 sûr de tailler en pièces, au premier choc, la piétaille assez

2276.0 1727.0 262.0 59.0 victoire

567.0 1747.0 2068.0 96.0 téméraire pour lui tenir tête. Mais la <.......> de

567.0 1855.0 2046.0 88.0 Courtrai s'explique surtout par des causes morales.

564.0 1952.0 2057.0 94.0 Les artisans flamands combattirent ce jour là comme

567.0 2040.0 2034.0 108.0 devaient le faire bien des siècles plus tard, les soldats

567.0 2134.0 2023.0 117.0 de la République. Ils savaient que du résultat de la

576.0 2237.0 2025.0 91.0 lutte dépendait <......> la chute ou le maintien du ré¬

2036.0 2297.0 194.0 77.0 définitive

581.0 2337.0 2060.0 102.0 gime populaire, le retour ou la ruine de la domination

579.0 2436.0 2031.0 94.0 patricienne. Les passions sociales soulevées leur don¬

564.0 2525.0 2023.0 116.0 naient une force indomptable. Les Français leur

584.0 2641.0 1980.0 97.0 apparurent comme les Autrichiens aux soldats de

590.0 2736.0 2023.0 108.0 Jemappes <....> : ils ne virent en eux que les alliés d'une

579.0 2824.0 2025.0 111.0 odieuse tyrannie. La noblesse, habituée à se mesurer

584.0 2929.0 2026.0 109.0 avec des troupes féodales, se sentit désorientée en pré¬

584.0 3015.0 2034.0 120.0 sence de la sombre énergie de la résistance. Elle vint

593.0 3120.0 2003.0 120.0 se briser impuissante contre la barrière des piques

587.0 3237.0 793.0 97.0 et des "goedendags".
