2713 3496
2523.0 34.0 140.0 108.0 58

524.0 75.0 2162.0 108.0 le cédait de beaucoup à celle de Cambrai ou d'Utrecht.

533.0 174.0 2147.0 111.0 Le commerce de la principauté avait son foyer principal

536.0 276.0 2139.0 93.0 à Maestricht; l'industrie floris sait à Huy et à Dinant,

536.0 355.0 2150.0 111.0 quant à Liège, c'était essentiellement une ville de prêtres.

527.0 445.0 2156.0 117.0 Remplie d'immunités et de maisons claustrales, son sol,

530.0 541.0 2142.0 111.0 pour la plus grande partie appartenait aux chapitres et

527.0 626.0 2165.0 108.0 aux abbayes. Ses habitants laïques consistaient surtout

521.0 725.0 2171.0 105.0 en chevaliers et en ministeriales, constituant à la fois la

536.0 809.0 2153.0 117.0 garde et le personnel administratif des évêques, et en arti¬

512.0 903.0 1746.0 116.0 sans que faisait vivre l'entretien du clergé.

530.0 1008.0 2171.0 99.0 Rien d'étonnant, dans ces conditions, si les évêques réussirent

512.0 1095.0 2166.0 114.0 <........................................>

524.0 1188.0 2159.0 105.0 <..........> sans peine à établir autour d'eux un gouverne¬

524.0 1267.0 2133.0 113.0 ment très solide. Depuis Notger ( 972-1008 ) on les voit occupés

524.0 1360.0 2133.0 122.0 d'organiser leurs revenus, de prendre des mesures pour la défen¬

521.0 1456.0 2171.0 90.0 se de leurs terres, de détruire les châteaux des seigneurs pillards.

530.0 1546.0 2139.0 105.0 Henri de Verdun, en 1077, empruntant à la France l'institu¬

512.0 1634.0 2131.0 128.0 tion de la paix de Dieu, installe à Liège le judicium paris

530.0 1739.0 2118.0 110.0 qui étend son action à tout le diocèse. Nous en savons

536.0 1835.0 2130.0 122.0 assez pour pouvoir affirmer que les <...............>

512.0 1922.0 2177.0 120.0 <..........................> prélats n'épargnèrent aucun

524.0 2013.0 2162.0 122.0 effort pour améliorer et garantir la situation de leurs su¬

524.0 2126.0 172.0 96.0 jets.

547.0 2217.0 2145.0 96.0 Mais en leur double qualité d'ecclésiastiques et de grands pro¬

524.0 2310.0 2162.0 102.0 priétaires fonciers, ils n'allèrent point au delà d'une concep¬

652.0 2377.0 239.0 76.0 politique

512.0 2394.0 2168.0 105.0 tion tout ensemble patriarcale et autoritaire. Excellent

518.0 2476.0 2171.0 122.0 pour la population rurale, leur gouvernement pesa lourde¬

512.0 2575.0 2151.0 96.0 ment sur les bourgeoisies dès que celles-ci commencèrent à

521.0 2654.0 2154.0 122.0 éclore dans les villes de la Meuse. <......> Il répugnait à leur

518.0 2747.0 2133.0 110.0 abandonner l'autonomie qui leur était indispensable

512.0 2840.0 2122.0 111.0 et des froissements ne pouvaient manquer de se produire

509.0 2930.0 2151.0 111.0 à la longue entre <......> un prince et des communes qui ne

509.0 3029.0 822.0 85.0 se comprenaient pas.

533.0 3073.0 2142.0 152.0 La première <.............................> manifesta¬

495.0 3169.0 2191.0 128.0 tion des revendications urbaines dans le pays de Liège remonte

507.0 3265.0 2168.0 131.0 à l'année 1066. A la demande des bourgeois, l'évêque Théo¬

2042.0 3364.0 181.0 120.0 de Huy
