2713 3486
2391.0 40.0 124.0 172.0 85

593.0 98.0 2056.0 90.0 Il est impossible de restreindre davantage

532.0 153.0 2073.0 134.0 la liberté économique de l'individu et pourtant,

526.0 261.0 2128.0 125.0 durant de longs siècles, pas une protestation ne s'est

537.0 368.0 2126.0 120.0 élevée contre cet état de choses qui, aux  yeux d'un mo¬

535.0 473.0 2119.0 102.0 derne, paraît le comble de l'anormal et de l'artificiel.

532.0 575.0 2134.0 101.0 C'est que, tout au contraire, il était admirablement

537.0 682.0 2114.0 102.0 approprié aux conditions du milieu et qu'il répon¬

540.0 761.0 2094.0 107.0 dait de la manière la plus complète aux vœux des

535.0 842.0 2052.0 134.0 artisans. Il est facile de comprendre <...........> qu'ils

523.0 964.0 2126.0 105.0 eussent pu facilement s'en affranchir s'il avait pesé

511.0 1048.0 2123.0 125.0 sur eux comme un fardeau gênant. Or, au lieu d'en

520.0 1147.0 2137.0 125.0 exiger l'abolition, <...............> on les voit pousser sans

523.0 1243.0 2111.0 113.0 cesse à son achevement et ajouter <.....................> de nouvelles

529.0 1345.0 2090.0 110.0 entraves à celles qui les enserrent déjà. Et cela s'explique de

517.0 1440.0 2076.0 117.0 façon toute naturelle. Travaillant, en effet, pour un

508.0 1519.0 2132.0 125.0 marché restreint, pour une clientèle limitée aux ha¬

540.0 1618.0 2109.0 101.0 bitants de la ville et de la banlieue, nul ne songe à l'ex¬

526.0 1708.0 2082.0 116.0 tension d'un mouvement d'affaires <.............................>

517.0 1812.0 2117.0 105.0 <.......> qui reste toujours nécessairement identique

535.0 1894.0 2070.0 122.0 à lui-même. Chaque maître ne prétend qu'à recevoir

523.0 1992.0 2120.0 105.0 sa part dans l'ensemble immuable des profits possi¬

508.0 2082.0 2135.0 108.0 bles. L'égalité économique apparait à tous comme la

508.0 2190.0 2132.0 93.0 norme suprême et tous réprouvent au même degré celui qui,

517.0 2277.0 2091.0 108.0 soit par fraude, soit par ingéniosité personnelle, soit

529.0 2370.0 2117.0 107.0 par supériorité de fortune enlèverait à ses compagnons

511.0 2466.0 2132.0 102.0 le pain quotidien et, ne cherchant que son intérêt pri¬

537.0 2570.0 2085.0 99.0 vé, les réduirait à la misère. Bien rares d'ailleurs,

511.0 2675.0 2114.0 99.0 sont ceux qui pourraient espérer de s'élever au des¬

517.0 2774.0 2143.0 110.0 sus du niveau moyen de leur classe. Car les artisans

520.0 2881.0 2108.0 105.0 vivant du marché local <..........> appartien¬

514.0 2997.0 2111.0 105.0 nent presque tous à la petite bourgeoisie. En règle

535.0 3093.0 2114.0 105.0 générale leur capital ne consiste que dans leur mai¬

520.0 3198.0 2129.0 107.0 son, dans quelques petites rentes et dans les outils indis¬

532.0 3297.0 2105.0 107.0 pensables à leur profession. Ils nous apparaissent
