2713 3438
2472.0 2.0 100.0 124.0 114

544.0 8.0 1870.0 126.0 de ces lignages était égal au nombre des éche¬

544.0 108.0 2054.0 109.0 vins et chacun d'eux disposait ainsi d'un siège

547.0 209.0 2094.0 103.0 dans l'échevinage. Ailleurs encore, des précautions très

547.0 309.0 2062.0 92.0 minutieuses étaient prises pour empêcher les magis¬

550.0 392.0 2102.0 112.0 tratures urbaines d'être accaparées par <.......> les

2176.0 455.0 341.0 57.0 ainsi que

556.0 481.0 2093.0 109.0 ambitieux en les intrigants. A Tournai, <.........> dans

559.0 567.0 2090.0 100.0 beaucoup de villes flamandes, des électeurs choisis, d'ail¬

539.0 664.0 2105.0 92.0 leurs en très petit nombre, dans les diverses paroisses de

564.0 742.0 2037.0 103.0 la ville, avaient à nommer les échevins nouveaux.

536.0 833.0 2113.0 106.0 <......> à Lille, <...........> le tirage au sort interve¬

536.0 916.0 2128.0 115.0 nait même, comme dans l'antiquité et dans plusieurs

542.0 1025.0 2119.0 109.0 villes italiennes du Moyen âge pour la désignation des ad¬

542.0 1105.0 2050.0 109.0 ministrateurs de la commune. Mais que l'on eût

542.0 1194.0 2107.0 126.0 recours à l'élection ou au sort, <...................................>

559.0 1300.0 2033.0 129.0 <...............> le peuple restait également exclu du

559.0 1400.0 2088.0 118.0 pouvoir. En fait, depuis le commencement du XIIIe siècle

1184.0 1472.0 166.0 92.0 gens du

1631.0 1466.0 129.0 63.0 sont

556.0 1492.0 2096.0 126.0 au plus tard, les commun <....................> inéligibles. Tout

1233.0 1570.0 123.0 71.0 sont

564.0 1598.0 2077.0 112.0 d'abord ils ne le <....>, si l'on peut ainsi dire, que tacite¬

564.0 1696.0 2085.0 108.0 ment. Les textes ne prononcent l'exclusion des magis¬

576.0 1796.0 2088.0 103.0 tratures municipales que contre les voleurs et les faux

562.0 1890.0 2087.0 101.0 monnayeurs. Mais la situation <.......> ne tarde

576.0 1991.0 2048.0 97.0 pas à s'exprimer officiellement. A Bruges, en 1240

1818.0 2059.0 591.0 81.0 de devenir échevin

573.0 2088.0 2051.0 97.0 <...............................> l'impossibilité pour l'artisan

579.0 2188.0 2090.0 98.0 qui n'aura pas renoncé à son métier et acquis la

570.0 2271.0 2099.0 112.0 hanse de Londres est nettement formulée. A Alost,

564.0 2380.0 2100.0 112.0 en 1276, un règlement écarte en propres termes de l'é¬

573.0 2481.0 1784.0 108.0 chevinage tout homme de "vilain mestier".

645.0 2621.0 1950.0 83.0 Ce n'est pas seulement le "commun peuple", c'est

576.0 2710.0 2062.0 97.0 encore le prince territorial qui fut atteint par cette

576.0 2822.0 2082.0 77.0 main-mise du patriciat sur les magistratures urbai¬

570.0 2893.0 2065.0 115.0 nes. <...> Du jour, en effet, où  <......................................> seule

573.0 2985.0 2045.0 103.0 la haute bourgeoisie fut admissible aux fonctions et

582.0 3079.0 2047.0 104.0 où, au sein même de celles-ci, la désignation des éche¬

573.0 3185.0 2079.0 98.0 vins fût réservée à des électeurs ou s'effectua suivant

587.0 3277.0 2057.0 109.0 <.........> l'un ou l'autre des systèmes que nous venons
