2713 3514
2499.0 0.0 137.0 114.0 186

539.0 64.0 2100.0 114.0 étendus et avaient aussi le plus largement empiété

527.0 178.0 2144.0 111.0 sur les prérogatives princières, qu'ils eurent à prendre

533.0 266.0 2118.0 117.0 les armes contre les bourgeoisies. Encore, le soulèvement

539.0 354.0 2118.0 140.0 de Bruges en 1436-1437, ne fut-il <..............> pas bien

544.0 462.0 2072.0 126.0 redoutable. Mais Gand ne craignit pas d'affronter en

1579.0 547.0 178.0 53.0 avec

562.0 562.0 2098.0 126.0 face son <......> souverain <.....................>

565.0 664.0 2106.0 132.0 <.....>, cette sombre énergie et cette incroyable ténacité

556.0 749.0 1661.0 129.0 dont son histoire fournit tant d'exemples.

600.0 860.0 2066.0 138.0 Grâce au nombre de ses bourgeois forains, aux paysans

577.0 986.0 2059.0 103.0 qu'elle enrôla de force, aux mercenaires anglais dont

565.0 1074.0 2071.0 111.0 elle loua les services, la puissante commune put te¬

577.0 1159.0 2092.0 144.0 nir en échec pendant plus d'un an les garnisons char¬

565.0 1253.0 2089.0 137.0 gées de la bloquer. Mais ses milices, malgré tout leur

1294.0 1344.0 141.0 73.0 plus

562.0 1364.0 2066.0 123.0 courage n'étaient <..>capables d'affronter une bataille

2516.0 1475.0 120.0 68.0 de

550.0 1464.0 2116.0 126.0 rangée contre une armée régulière. Les progrès de l'art <.....>

650.0 1519.0 351.0 79.0 la guerre

556.0 1563.0 2101.0 117.0 <............................................>

556.0 1645.0 2098.0 144.0 <.............................> enlevaient aux <........> soldats

547.0 1742.0 2110.0 161.0 improvisés des métiers toute chance de vaincre. La défaite

553.0 1818.0 2075.0 196.0 sanglante que leur firent éprouver à Gavere, le 23 juillet

559.0 1923.0 2074.0 173.0 1453, les vieilles bandes picardes et bourguignonnes de Phil¬

565.0 2017.0 2095.0 185.0 ippe consacra d'une manière éclatante l'irrémédiable

565.0 2128.0 2054.0 164.0 <...........> impuissance du système militaire des

559.0 2225.0 2069.0 182.0 communes. Gand n'essaya pas, comme après Roosebeke,

556.0 2322.0 2089.0 181.0 de continuer plus longtemps une résistance impossible.

574.0 2421.0 2083.0 176.0 Le 30 juillet, deux mille de ses bourgeois vinrent en chemi¬

574.0 2527.0 2118.0 175.0 se s'agenouiller sur les champs devant le duc et lui crier

562.0 2620.0 2107.0 182.0 merci. Ils s'engagèrent à payer une amende de 350.000

565.0 2723.0 2106.0 170.0 ridders d'or et, en signe de soumission, à murer une

577.0 2817.0 2068.0 187.0 des portes de la ville et à en tenir une autre fermée tous

577.0 2928.0 2018.0 178.0 les jeudis. Ces humiliantes satisfactions offertes à la

568.0 3042.0 2042.0 176.0 majesté offensée du prince ne furent d'ailleurs que la

571.0 3147.0 2045.0 173.0 moindre partie du châtiment. Comme Bruges en 1437,

580.0 3247.0 2097.0 187.0 Gand dut renoncer à l'indépendance quasi absolue et
