2713 3489
2518.0 23.0 99.0 87.0 94

642.0 63.0 1975.0 102.0 après avoir prélevé sa part. Ainsi les travailleurs

633.0 168.0 2027.0 90.0 ne sont pas directement subordonnés aux capitalistes.

639.0 244.0 2007.0 99.0 Au lieu d'être surveillés par lui ils ne relèvent, dans

628.0 348.0 2026.0 105.0 l'exercice de leur profession que du contrôle des fonction¬

625.0 450.0 2035.0 93.0 naires municipaux. Mais cette garantie, on le verra

636.0 534.0 1995.0 105.0 plus loin <....................> sera pendant

616.0 622.0 2018.0 104.0 longtemps plus apparente que réelle. Aussi longtemps,

625.0 732.0 2026.0 96.0 en effet, que le gouvernement urbain appartiendra aux

630.0 808.0 1998.0 110.0 riches bourgeois, <...> l'intervention du pouvoir public

630.0 904.0 1969.0 107.0 étant réglée par eux ne pourra les gêner et il suffit

636.0 1000.0 1992.0 93.0 de parcourir, à la fin du XIIIe siècle, les actes de la suc¬

642.0 1093.0 2001.0 101.0 cession du drapier douaisien Jehan Boine-Broke(1) pour

642.0 1206.0 2018.0 79.0 constater jusqu'où a pu aller à cette époque l'exploi¬

648.0 1290.0 1396.0 93.0 tation du monde des travailleurs

703.0 1392.0 1919.0 102.0 Il nous reste à  jeter un coup d'œil sur ces mar¬

639.0 1503.0 1998.0 93.0 chands exportateurs auxquels aboutit<.....>, en der¬

2239.0 1567.0 389.0 69.0 l'alimentent

636.0 1590.0 2021.0 110.0 nier lieu la production industrielle et qui <........>

2262.0 1683.0 384.0 58.0 considérable

642.0 1680.0 2001.0 113.0 <....> constamment de matière première. Si <......>

657.0 1773.0 1986.0 116.0 qu'ait pu être la différence entre leur fortune et la for¬

1328.0 1846.0 297.0 70.0 usiniers

645.0 1875.0 2012.0 102.0 tune des grands <...........> modernes, il ne faut pas

633.0 1953.0 2033.0 117.0 hésiter à les considérer comme un groupe d'entrepreneurs

648.0 2041.0 2003.0 127.0 capitalistes. Il importe, en effet, de ne point juger en cette

636.0 2154.0 2033.0 99.0 matière sans tenir compte du milieu. Ce ne sont point

642.0 2232.0 2021.0 111.0 les valeurs absolues, mais les valeurs relatives qui doivent

636.0 2343.0 2015.0 87.0 entrer en ligne de compte. A une époque où la circulation

645.0 2419.0 2024.0 110.0 des biens, comparée à la nôtre, <...........> semble un ruis¬

654.0 2509.0 1963.0 104.0 seau à côté d'un fleuve, où un navire de deux tonnes

2384.0 2593.0 302.0 84.0 franchissant

651.0 2593.0 1986.0 116.0 passe pour un grand bâtiment et où les chariots <...>

645.0 2674.0 2012.0 125.0 <.......> les cols des Alpes ne transportent guère en

645.0 2770.0 2015.0 117.0 un an beaucoup plus de marchandises <.............><......>

1183.0 2834.0 110.0 64.0 <...>

639.0 2860.0 1948.0 123.0 <...........................> que les trains n'en font

648.0 2939.0 2001.0 131.0 passer aujourd'hui en un seul jour à travers le tun¬

636.0 3029.0 2021.0 131.0 nul du Saint-Gothard, <................> quelques di¬

642.0 3111.0 2047.0 130.0 zaines de milliers de livres possédées par un Boine-Broke

651.0 3265.0 2044.0 130.0 (1) Publiés par M. G. Espinas dans la Virteljahrschrift

657.0 3352.0 1506.0 119.0 für Social und Wirtschaftsgeschichte, an.
