2713 3486
2480.0 23.0 142.0 72.0 173

479.0 34.0 2158.0 140.0 Au lendemain de la bataille de Courtrai, le com¬

482.0 148.0 2137.0 101.0 mun, exalté par son triomphe, prétendit extirper à

491.0 241.0 2181.0 101.0 fond l'odieux patriciat. Comme à Liège, les métiers seuls

485.0 334.0 2175.0 98.0 jouirent des droits politiques. Les ouvriers de la draperie

497.0 432.0 2122.0 102.0 qui avaient si largement contribué à l'établissement

485.0 534.0 2158.0 90.0 du nouvel ordre de choses, ne manquèrent pas de <.....>

485.0 615.0 2166.0 93.0 <...> s'y réserver la part du lion. <.............> Des trois

473.0 708.0 2155.0 111.0 membres <.....> entre lesquels fut divisée la bourgeoisie

482.0 804.0 2167.0 113.0 l'un fut attribué aux tisserands, l'autre aux foulons et

482.0 912.0 2146.0 98.0 le troisième comprit l'ensemble des tous les autres métiers.

482.0 1002.0 2146.0 110.0 La réaction oligarchique de 1319 mit fin à cette organisa¬

1328.0 1066.0 309.0 78.0 de la crise

485.0 1112.0 2097.0 96.0 tion. Mais, à  la suite économique provoquée en 1337

500.0 1196.0 2151.0 117.0 par l'interruption de l'exportation des laines anglaises vers

482.0 1301.0 2152.0 110.0 la Flandre, les salariés de la grande industrie se soulèvent,

485.0 1400.0 2190.0 113.0 et rétablissent le régime aboli. <.........> Il ne put se main¬

476.0 1498.0 2146.0 108.0 tenir, toutefois, qu'un instant. Beaucoup plus nombreux

500.0 1594.0 2131.0 105.0 que les foulons, les tisserands prétendent bientôt les sou¬

488.0 1693.0 2140.0 99.0 mettre à leur influence. Le 2 mai 1345, les deux partis enta¬

494.0 1789.0 2157.0 110.0 ment une lutte décisive et les foulons, écrasés par leurs ad¬

500.0 1899.0 2146.0 102.0 versaires, cessent de former un membre de la ville. Quatre ans

500.0 1978.0 2140.0 128.0 plus tard, c'est au tour des tisserands de connaître la défaite.

500.0 2077.0 2119.0 130.0 Exaspérés par la domination qu'ils font peser sur la commune,

488.0 2181.0 2143.0 119.0 les petits métiers s'unissent aux foulons et, le 13 janvier

482.0 2283.0 2169.0 119.0 1349, un nouveau combat <.....> amène un nouveau chan¬

503.0 2393.0 2137.0 114.0 gement de régime. Le membre des tisserands est supprimé

1587.0 2472.0 111.0 66.0 lui

491.0 2483.0 2134.0 125.0 et la place laissée vide par <...> est occupée par la haute

497.0 2585.0 2154.0 139.0 bourgeoisie ( poorterie ) qui coopère désormais à l'admini¬

491.0 2681.0 2126.0 151.0 stration urbaine avec les foulons et les petits métiers. Une

491.0 2785.0 2123.0 131.0 <........> insurrection des indomptables tisserands en

491.0 2878.0 2134.0 140.0 1359 la précipite du pouvoir et le rend à ceux-ci. <..........>

485.0 2980.0 2146.0 116.0 <........> Ils <.>'en profitent aussitôt pour abattre les foulons

503.0 3073.0 2151.0 119.0 qui en 1360, après une lutte terrible sur le marché du Vendre¬

500.0 3178.0 2117.0 107.0 di doivent renoncer, et cette fois pour toujours, à la situation

500.0 3259.0 2146.0 151.0 qu'ils avaient occupée jusque là et que ne justifiaient d'ailleurs
