2713 3446
2371.0 63.0 152.0 152.0 105

1221.0 264.0 586.0 152.0 Chapitre V

1379.0 677.0 164.0 109.0 I

669.0 801.0 1980.0 126.0 A ne tenir compte que de la forme des institu¬

592.0 898.0 2069.0 118.0 tions, les constitutions municipales, dans les Pays¬

592.0 996.0 2075.0 135.0 Bas comme ailleurs, ont présenté dès l'origine et ont

606.0 1091.0 2063.0 123.0 toujours conservé un caractère très nettement dé¬

600.0 1194.0 2064.0 132.0 mocratique. <...................................> La commu¬

586.0 1277.0 2029.0 147.0 nauté politique, telle qu'elle nous apparaît dans les

589.0 1364.0 2083.0 155.0 chartes urbaines, s'étend à toute la bourgeoisie. C'est au

574.0 1467.0 2075.0 146.0 nom de l'"université des citoyens" (universitas civium)

594.0 1556.0 2052.0 155.0 que les échevins exercent leurs pouvoirs. Aucune condi

586.0 1656.0 2066.0 147.0 tion de fortune n'est exigée de ceux qui sollicitent leur

592.0 1748.0 2060.0 132.0 entrée dans la commune. La ville est la chose de ses ha¬

586.0 1852.0 2063.0 138.0 bitants; elle constitue une personne morale, un être juri¬

583.0 1941.0 2078.0 146.0 dique les englobant tous sans exception. Théoriquement,

583.0 2033.0 2066.0 143.0 elle vit sous le régime du gouvernement direct du peuple

594.0 2176.0 575.0 86.0 par lui-même.

597.0 2225.0 2015.0 144.0 <.........> Il a dû en être ainsi, en effet, à l'époque des

589.0 2303.0 2055.0 158.0 origines. Si mal renseignés que nous soyons sur la

580.0 2394.0 2084.0 144.0 vie politique des premières colonies marchandes, nous

2095.0 2461.0 287.0 63.0 connurent

583.0 2504.0 2098.0 120.0 en savons assez pour constater qu'elles <..............> tout

589.0 2595.0 2089.0 115.0 d'abord une organisation égalitaire. Non seulement leur

586.0 2667.0 2083.0 132.0 population d'immigrants <..............> se composait

589.0 2756.0 2089.0 130.0 d'hommes peu différents les uns des autres par la con¬

577.0 2837.0 2095.0 126.0 dition sociale mais <.......> chacun étant <.........>

577.0 2931.0 2044.0 121.0 intéressé <..> au maintien et à la défense de la ville

583.0 3029.0 2075.0 118.0 naissante <.......................................> prenait né¬

583.0 3115.0 2032.0 124.0 cessairement sa part aux devoirs qu'imposaient les

586.0 3201.0 2081.0 115.0 besoins de la communauté et jouissait des droits décou¬

594.0 3288.0 2061.0 114.0 lant de ces devoirs. Toutefois cet état de choses ne dut
