2713 3475
2388.0 23.0 165.0 95.0 102

623.0 43.0 1794.0 127.0 beaucoup plus que Bâle ou que Francfort¬

628.0 260.0 2044.0 84.0 <................................>

689.0 159.0 1986.0 95.0 <..............................>

695.0 335.0 1983.0 119.0 Jusque vers la fin du XIIIe siècle, les villes ont vu croître

628.0 431.0 2047.0 81.0 continuellement semble-t-il, le nombre de leurs ha¬

1631.0 489.0 261.0 90.0 gens de la

626.0 521.0 2037.0 110.0 bitants. L'émigration des campagnes vers les centres in¬

634.0 625.0 2018.0 107.0 dustriels ne parait point s'être ralentie avant cette

2266.0 706.0 209.0 75.0 arrive

637.0 723.0 2035.0 102.0 date. Mais aux environs de l'an 1300, on <.....> à un

631.0 828.0 2044.0 104.0 état d'équilibre et de stabilité. L'époque démocratique

637.0 941.0 2012.0 89.0 des communes n'a pas été favorable à leur accroisse¬

628.0 1039.0 2035.0 99.0 ment. L'exclusivisme politique qui se manifeste alors

637.0 1123.0 1994.0 107.0 les rend moins accueillantes que jadis. Elles s'ou¬

637.0 1236.0 1991.0 93.0 vrent plus difficilement aux nouveaux venus et,

646.0 1337.0 1968.0 96.0 pendant que les populations rurales, autour d'elles,

637.0 1436.0 1997.0 93.0 deviennent plus denses, dans l'intérieur de leurs

634.0 1526.0 2012.0 107.0 murailles, le chiffre des bourgeois n'augmente plus et

657.0 1630.0 1977.0 93.0 jusque dans les temps modernes, elles ne dépasseront

649.0 1734.0 2006.0 119.0 pas, sauf grâce à des circonstances exceptionnelles com¬

640.0 1847.0 2006.0 104.0 me par exemple à Anvers, le niveau auquel elles ont

646.0 1934.0 339.0 95.0 atteint.

660.0 2032.0 2029.0 136.0 On nous excusera d'avoir insisté un peu longuement

649.0 2148.0 2029.0 116.0 sur une question qui peut sembler, à première vue,

657.0 2226.0 2015.0 131.0 assez étrangère à l'objet de ce livre. Il était indis¬

657.0 2339.0 2006.0 128.0 pensable, pourtant, si l'on voulait apprécier avec e¬

649.0 2470.0 1965.0 89.0 xactitude les ressources et la vitalité de ces villes

643.0 2548.0 1980.0 136.0 dont nous avons à retracer, dans les pages suivantes,

634.0 2649.0 2023.0 139.0 les luttes politiques et les conflits sociaux, de consacrer

669.0 2762.0 1997.0 130.0 quelque attention à leur situation démographique.

649.0 2869.0 2008.0 133.0 Il n'était pas indifférent de savoir que leur histoire

640.0 2971.0 2000.0 107.0 si agitée s'est déroulée sur un théâtre très restreint.

649.0 3066.0 1997.0 125.0 Tout le monde se connaissait dans les « grandes

649.0 3159.0 2008.0 130.0 villes » du Moyen Âge et les rivalités des partis s'y dou¬

660.0 3257.0 1977.0 125.0 blaient de rivalités et de rancunes personnelles. Les hom¬
