2713 3485
2503.0 17.0 99.0 75.0 106

601.0 55.0 2048.0 119.0 pas durer très longtemps. L'exercice <.......> du com¬

595.0 153.0 2068.0 111.0 merce, avec tous les aléas qu'il comporte et toutes les chances

595.0 238.0 2074.0 122.0 qu'il réserve aux plus habiles, introduisit bientôt, parmi

595.0 325.0 2033.0 128.0 la population, des différences très sensibles de fortune.

604.0 418.0 2007.0 119.0 Peu à peu, le groupe <...> homogène des mercatores se

589.0 505.0 2016.0 128.0 répartit en classes plus distinctes les unes des autres à

2265.0 569.0 375.0 72.0 La spécialisa¬

583.0 604.0 2048.0 119.0 mesure que grandit l'activité économique. <..........>

583.0 697.0 2071.0 116.0 tion des professions agit dans le même sens. L'artisan

595.0 789.0 2033.0 117.0 se sépara du marchand, puis, parmi les artisans

598.0 894.0 2056.0 105.0 comme parmi les marchands, de nouvelles nua¬

598.0 978.0 2056.0 116.0 ces vinrent compliquer le tableau. Il y eut bientôt,

595.0 1083.0 2077.0 104.0 au plus tard à la fin du XIIe siècle, des travailleurs vi¬

589.0 1164.0 2080.0 116.0 vant du marché local, des salariés produisant pour

1527.0 1240.0 96.0 66.0 ou

595.0 1260.0 2083.0 104.0 l'exportation et à côté <...> plutôt au-dessus d'eux toute

1231.0 1327.0 415.0 78.0 négociants

583.0 1356.0 2028.0 107.0 la variété des <.........> trafiquants en denrées

595.0 1446.0 2065.0 107.0 alimentaires, en <.................> matières premières

589.0 1536.0 2080.0 116.0 industrielles ou en objets fabriqués. La bourgeoisie pré¬

583.0 1632.0 2089.0 107.0 senta dès lors toute la série des conditions sociales, depuis

592.0 1725.0 2065.0 122.0 la misère du prolétaire jusqu'à l'opulence du capitalis¬

595.0 1823.0 128.0 96.0 te.

609.0 1899.0 2043.0 125.0 Il est clair qu'un tel état de choses n'était plus compa¬

589.0 2000.0 2025.0 96.0 tible avec la démocratie égalitaire qui avait régné à

589.0 2082.0 2039.0 110.0 l'origine. Sans qu'il fût pour cela besoin <......> du

580.0 2183.0 2080.0 93.0 moindre effort, celle-ci disparut d'elle-même, évoluant

592.0 2268.0 2074.0 81.0 du même mouvement que la communauté écono¬

580.0 2355.0 2086.0 99.0 mique au sein de laquelle elle avait pris naissan¬

586.0 2445.0 2051.0 96.0 ce. On ne changea rien au texte des chartes urbaines,

592.0 2532.0 2042.0 116.0 on n'eut à formuler aucune déclaration de principe

592.0 2622.0 2077.0 113.0 ou à édicter aucune constitution. Par la force même des

592.0 2729.0 2077.0 111.0 choses, le pouvoir passa insensiblement aux mains des

601.0 2822.0 2068.0 122.0 plus riches. De démocratique, le régime politique de

598.0 2933.0 2065.0 113.0 ces centres de commerce et d'industrie qu'étaient les

592.0 3029.0 2062.0 116.0 villes <.....> se transforma <...........> en un régime

583.0 3124.0 2100.0 128.0 tout d'abord ploutocratique, puis oligarchique, trans¬

592.0 3217.0 2071.0 143.0 formation inévitable et dont la nécessité est suffisam¬

583.0 3316.0 1781.0 137.0 ment attestée par son <.............> universalité
