<?xml version="1.0" encoding="UTF-8"?>
<alto xmlns:xsi="http://www.w3.org/2001/XMLSchema-instance"
      xmlns="http://www.loc.gov/standards/alto/ns-v4#"
      xsi:schemaLocation="http://www.loc.gov/standards/alto/ns-v4# http://www.loc.gov/standards/alto/v4/alto-4-2.xsd">
  <Description>
    <MeasurementUnit>pixel</MeasurementUnit>
    <sourceImageInformation>
      <fileName>ARCH-DIV-000494_0104.png</fileName>
    </sourceImageInformation>
  </Description>
  <Tags>
    <OtherTag ID="BT1" LABEL="Title" DESCRIPTION="block type Title"/><OtherTag ID="BT2" LABEL="Main" DESCRIPTION="block type Main"/><OtherTag ID="BT3" LABEL="Commentary" DESCRIPTION="block type Commentary"/><OtherTag ID="BT4" LABEL="Illustration" DESCRIPTION="block type Illustration"/><OtherTag ID="BT130" LABEL="TitlePageZone" DESCRIPTION="block type TitlePageZone"/><OtherTag ID="BT131" LABEL="MarginTextZone" DESCRIPTION="block type MarginTextZone"/><OtherTag ID="BT132" LABEL="MainZone" DESCRIPTION="block type MainZone"/><OtherTag ID="BT133" LABEL="CustomZone:numbering" DESCRIPTION="block type CustomZone:numbering"/><OtherTag ID="BT134" LABEL="NumberingZone" DESCRIPTION="block type NumberingZone"/><OtherTag ID="BT136" LABEL="MarginTextZone:lower" DESCRIPTION="block type MarginTextZone:lower"/>
    <OtherTag ID="LT75" LABEL="HeadingLine" DESCRIPTION="line type HeadingLine"/><OtherTag ID="LT76" LABEL="DefaultLine" DESCRIPTION="line type DefaultLine"/><OtherTag ID="LT77" LABEL="InterlinearLine:correction" DESCRIPTION="line type InterlinearLine:correction"/><OtherTag ID="LT78" LABEL="InterlinearLine:addition" DESCRIPTION="line type InterlinearLine:addition"/>
  </Tags>
  <Layout>
    <Page WIDTH="2713"
          HEIGHT="3503"
          PHYSICAL_IMG_NR="99"
          ID="eSc_dummypage_">
      <PrintSpace HPOS="0"
                  VPOS="0"
                  WIDTH="2713"
                  HEIGHT="3503">
        <TextBlock HPOS="2467.0"
                   VPOS="27.0"
                   WIDTH="152.0"
                   HEIGHT="92.0"
                   ID="eSc_textblock_3d0d18b1"
                   TAGREFS="BT134">
          <Shape><Polygon POINTS="2467 27 2467 119 2619 119 2619 27"/></Shape>
          <TextLine ID="eSc_line_dab12136"
                    TAGREFS="LT76"
                    BASELINE="2501 70 2585 69" 
                    HPOS="2481.0"
                    VPOS="23.0"
                    WIDTH="103.0"
                    HEIGHT="107.0">
            <Shape><Polygon POINTS="2529 23 2499 23 2499 67 2481 130 2581 99 2584 67 2584 23 2558 23"/></Shape>
	    <String CONTENT="96"
                    HPOS="2481.0"
                    VPOS="23.0"
                    WIDTH="103.0"
                    HEIGHT="107.0"></String>
          </TextLine>
        </TextBlock>
        <TextBlock HPOS="591.0"
                   VPOS="68.0"
                   WIDTH="2110.0"
                   HEIGHT="3189.0"
                   ID="eSc_textblock_a2d23759"
                   TAGREFS="BT132">
          <Shape><Polygon POINTS="591 68 591 3257 2701 3257 2680 132 2480 149 2435 80"/></Shape>
          <TextLine ID="eSc_line_339b8077"
                    TAGREFS="LT76"
                    BASELINE="616 122 2584 105" 
                    HPOS="610.0"
                    VPOS="49.0"
                    WIDTH="1971.0"
                    HEIGHT="94.0">
            <Shape><Polygon POINTS="2566 96 2537 93 2508 90 2479 90 2453 64 2447 58 2420 52 2391 52 2362 52 2353 52 2292 61 2272 49 2245 49 2216 49 2187 49 2172 49 1991 64 1918 70 1594 70 1588 64 1576 52 1574 52 1571 52 1568 52 1416 64 1264 72 1203 64 1159 55 1156 55 1106 64 1057 70 931 64 846 58 843 58 841 58 838 58 835 64 814 75 610 64 613 119 613 143 2578 137 2581 102 2578 96 2566 96"/></Shape>
	    <String CONTENT="nopole, ils se trouvent nécessairement dominer"
                    HPOS="610.0"
                    VPOS="49.0"
                    WIDTH="1971.0"
                    HEIGHT="94.0"></String>
          </TextLine>
          <TextLine ID="eSc_line_abf7f240"
                    TAGREFS="LT76"
                    BASELINE="607 218 984 207 2616 210" 
                    HPOS="604.0"
                    VPOS="143.0"
                    WIDTH="2009.0"
                    HEIGHT="99.0">
            <Shape><Polygon POINTS="604 216 604 242 972 227 2607 242 2613 207 2607 148 2523 163 2499 145 2488 145 2456 160 2418 145 2409 145 2377 163 2353 143 2342 143 2315 148 2266 163 2193 143 2184 143 2117 163 2053 143 2015 151 1994 160 1974 143 1731 143 1708 163 1676 148 1521 163 1495 145 1480 145 1448 166 1337 166 1302 143 1217 143 1179 160 975 148 934 163 922 163 881 145 873 145 838 163 814 145 800 145 782 163 680 148 604 163 604 216"/></Shape>
	    <String CONTENT="tout le travail industriel. La laine brute qu&#x27;ils ont"
                    HPOS="604.0"
                    VPOS="143.0"
                    WIDTH="2009.0"
                    HEIGHT="99.0"></String>
          </TextLine>
          <TextLine ID="eSc_line_0d22f865"
                    TAGREFS="LT76"
                    BASELINE="595 300 2566 286" 
                    HPOS="589.0"
                    VPOS="236.0"
                    WIDTH="1975.0"
                    HEIGHT="102.0">
            <Shape><Polygon POINTS="592 297 592 321 797 338 800 338 1267 321 1375 335 1378 335 1381 335 1457 318 1758 332 1760 332 1763 332 1798 315 1813 329 1816 329 1819 329 1822 329 1901 315 2526 326 2529 326 2531 326 2534 326 2564 309 2564 283 2558 236 1398 236 1395 236 1393 236 1390 236 1375 248 1369 251 1317 251 1074 239 1071 239 589 256 592 297"/></Shape>
	    <String CONTENT="importée dans les villes leur fait retour, après avoir"
                    HPOS="589.0"
                    VPOS="236.0"
                    WIDTH="1975.0"
                    HEIGHT="102.0"></String>
          </TextLine>
          <TextLine ID="eSc_line_291e0f80"
                    TAGREFS="LT76"
                    BASELINE="607 397 1340 382 2628 397" 
                    HPOS="604.0"
                    VPOS="326.0"
                    WIDTH="2021.0"
                    HEIGHT="100.0">
            <Shape><Polygon POINTS="604 394 604 420 1480 408 1579 423 1597 408 1790 408 1883 426 1904 426 1939 411 2619 426 2625 394 2619 341 1947 347 1901 332 1892 332 1848 347 1819 329 1807 329 1769 344 1755 329 1530 329 1480 344 1463 329 1299 341 1025 326 829 341 797 326 791 326 604 341 604 394"/></Shape>
	    <String CONTENT="passé par les ateliers, sous forme de tissus et c&#x27;est eux en¬"
                    HPOS="604.0"
                    VPOS="326.0"
                    WIDTH="2021.0"
                    HEIGHT="100.0"></String>
          </TextLine>
          <TextLine ID="eSc_line_366f0946"
                    TAGREFS="LT76"
                    BASELINE="613 475 2622 484" 
                    HPOS="607.0"
                    VPOS="432.0"
                    WIDTH="2012.0"
                    HEIGHT="87.0">
            <Shape><Polygon POINTS="610 472 607 490 689 516 867 502 919 516 931 516 952 499 1045 516 1130 496 1407 496 1428 513 1863 499 1924 519 1933 519 1953 507 1971 502 2061 516 2123 502 2137 516 2149 516 2210 502 2245 519 2616 516 2619 481 2616 432 610 432 610 472"/></Shape>
	    <String CONTENT="core qui vendent à la halle ou transportent à l&#x27;échange"
                    HPOS="607.0"
                    VPOS="432.0"
                    WIDTH="2012.0"
                    HEIGHT="87.0"></String>
          </TextLine>
          <TextLine ID="eSc_line_d4a6e21b"
                    TAGREFS="LT76"
                    BASELINE="613 569 2604 554" 
                    HPOS="607.0"
                    VPOS="499.0"
                    WIDTH="1995.0"
                    HEIGHT="102.0">
            <Shape><Polygon POINTS="610 566 610 583 879 601 992 583 1030 583 1191 598 1410 580 1489 595 1541 580 1623 595 1813 577 2041 592 2602 580 2602 551 2596 516 2415 499 2196 516 1904 502 1851 516 1801 502 1518 519 1416 505 1395 522 1001 507 952 525 773 510 756 528 607 528 610 566"/></Shape>
	    <String CONTENT="ces étoffes dont le prix servira à réaliser de nouvelles im¬"
                    HPOS="607.0"
                    VPOS="499.0"
                    WIDTH="1995.0"
                    HEIGHT="102.0"></String>
          </TextLine>
          <TextLine ID="eSc_line_4226c587"
                    TAGREFS="LT76"
                    BASELINE="622 656 1211 653 1380 649 1380 649 1448 633" 
                    HPOS="616.0"
                    VPOS="589.0"
                    WIDTH="829.0"
                    HEIGHT="102.0">
            <Shape><Polygon POINTS="619 653 622 691 662 674 849 686 931 688 946 683 966 671 1255 686 1445 665 1445 630 1430 589 1355 604 1282 592 1261 592 1261 595 1246 607 1179 595 1138 592 1124 610 1027 610 1013 592 1001 592 934 610 768 595 712 610 671 595 662 595 616 613 619 653"/></Shape>
	    <String CONTENT="portations de laines.^(1)"
                    HPOS="616.0"
                    VPOS="589.0"
                    WIDTH="829.0"
                    HEIGHT="102.0"></String>
          </TextLine>
          <TextLine ID="eSc_line_202c7732"
                    TAGREFS="LT76"
                    BASELINE="665 738 2622 729" 
                    HPOS="659.0"
                    VPOS="671.0"
                    WIDTH="1960.0"
                    HEIGHT="87.0">
            <Shape><Polygon POINTS="662 735 662 758 2616 758 2619 726 2613 688 2009 671 2006 671 2003 671 1956 688 1953 688 1950 688 1909 674 1906 674 1904 674 1901 674 1871 688 1869 691 1641 691 1635 688 1571 674 1568 674 1565 674 1562 674 1541 688 1539 691 659 691 662 735"/></Shape>
	    <String CONTENT="Comme nous l&#x27;avons déjà constaté plus haut à propos"
                    HPOS="659.0"
                    VPOS="671.0"
                    WIDTH="1960.0"
                    HEIGHT="87.0"></String>
          </TextLine>
          <TextLine ID="eSc_line_abf8883e"
                    TAGREFS="LT76"
                    BASELINE="607 817 2593 811" 
                    HPOS="601.0"
                    VPOS="756.0"
                    WIDTH="1989.0"
                    HEIGHT="90.0">
            <Shape><Polygon POINTS="604 814 604 846 2590 834 2590 808 2581 761 2239 770 2222 756 1974 756 1950 770 1869 756 1728 770 1720 767 1708 756 1696 756 1658 770 1614 756 1603 756 1585 773 1436 758 1387 776 1095 776 1089 770 1060 758 1051 758 1001 773 992 773 966 758 788 773 651 758 601 773 604 814"/></Shape>
	    <String CONTENT="du commerce des subsistances, la liberté économi¬"
                    HPOS="601.0"
                    VPOS="756.0"
                    WIDTH="1989.0"
                    HEIGHT="90.0"></String>
          </TextLine>
          <TextLine ID="eSc_line_72020350"
                    TAGREFS="LT76"
                    BASELINE="627 904 1036 890 2637 896" 
                    HPOS="624.0"
                    VPOS="837.0"
                    WIDTH="2010.0"
                    HEIGHT="97.0">
            <Shape><Polygon POINTS="624 902 624 934 826 934 826 931 832 931 852 916 989 931 1013 931 1080 910 1457 910 1515 931 1652 910 1734 928 1763 928 1892 913 1930 928 1956 931 1988 910 2108 931 2193 913 2628 922 2634 893 2628 843 2041 852 1927 837 1918 846 1906 852 1661 837 1649 846 1644 855 1515 855 1410 837 1293 852 1159 837 1080 852 1057 852 975 837 957 852 940 837 928 837 908 852 858 837 624 852 624 902"/></Shape>
	    <String CONTENT="que de ces marchands capitalistes est complète. Autant"
                    HPOS="624.0"
                    VPOS="837.0"
                    WIDTH="2010.0"
                    HEIGHT="97.0"></String>
          </TextLine>
          <TextLine ID="eSc_line_3400c525"
                    TAGREFS="LT76"
                    BASELINE="622 992 1165 972 2651 977" 
                    HPOS="616.0"
                    VPOS="916.0"
                    WIDTH="2032.0"
                    HEIGHT="94.0">
            <Shape><Polygon POINTS="619 989 619 1010 2645 1010 2648 975 2645 937 2406 916 2403 916 2400 916 2350 934 1877 916 1874 916 1871 916 1869 916 1845 937 1723 937 1682 916 1679 916 1203 916 1200 916 1092 934 1068 919 1065 919 1063 919 1060 919 1057 919 1054 919 1030 937 727 937 689 916 686 916 683 916 680 916 616 937 619 989"/></Shape>
	    <String CONTENT="l&#x27;ouvrier industriel est surveillé et tenu en bride par"
                    HPOS="616.0"
                    VPOS="916.0"
                    WIDTH="2032.0"
                    HEIGHT="94.0"
                    WC="0.9813735074010389"></String>
          </TextLine>
          <TextLine ID="eSc_line_e0f06a0b"
                    TAGREFS="LT76"
                    BASELINE="622 1074 1629 1053 2625 1059" 
                    HPOS="616.0"
                    VPOS="995.0"
                    WIDTH="2006.0"
                    HEIGHT="108.0">
            <Shape><Polygon POINTS="619 1071 619 1103 753 1103 753 1100 759 1100 773 1085 808 1100 832 1100 949 1085 1004 1100 1086 1085 1235 1097 1273 1097 1290 1083 1360 1094 1439 1080 1527 1094 1559 1094 1661 1080 1708 1094 1942 1077 2619 1083 2622 1056 2619 1010 2199 995 2082 1012 1831 1001 1553 1015 1436 1001 1398 1021 1293 1021 1276 1004 1036 1004 1007 1021 887 1007 744 1021 674 1007 616 1024 619 1071"/></Shape>
	    <String CONTENT="les règlements municipaux, autant &lt;..&gt; le trafic en"
                    HPOS="616.0"
                    VPOS="995.0"
                    WIDTH="2006.0"
                    HEIGHT="108.0"></String>
          </TextLine>
          <TextLine ID="eSc_line_dbff42ec"
                    TAGREFS="LT76"
                    BASELINE="624 1153 2613 1138" 
                    HPOS="619.0"
                    VPOS="1097.0"
                    WIDTH="1991.0"
                    HEIGHT="91.0">
            <Shape><Polygon POINTS="622 1150 622 1188 791 1167 1060 1182 1063 1182 1065 1182 1106 1164 1252 1164 1273 1182 1276 1182 1279 1182 1282 1182 1284 1182 1319 1164 1360 1179 1363 1179 1366 1179 1533 1161 1690 1176 1693 1179 1939 1179 1950 1179 1950 1176 1953 1176 1956 1176 1982 1158 2064 1176 2070 1176 2073 1176 2079 1176 2155 1158 2181 1176 2184 1176 2187 1176 2190 1176 2193 1176 2199 1176 2257 1158 2604 1170 2610 1135 2602 1097 619 1097 622 1150"/></Shape>
	    <String CONTENT="gros du drap et de la laine échappe aux atteintes de"
                    HPOS="619.0"
                    VPOS="1097.0"
                    WIDTH="1991.0"
                    HEIGHT="91.0"
                    WC="0.9728495237919"></String>
          </TextLine>
          <TextLine ID="eSc_line_553a0378"
                    TAGREFS="LT76"
                    BASELINE="624 1243 1124 1228 2599 1228" 
                    HPOS="619.0"
                    VPOS="1170.0"
                    WIDTH="1977.0"
                    HEIGHT="99.0">
            <Shape><Polygon POINTS="622 1240 622 1252 735 1269 835 1255 946 1269 1004 1252 1060 1252 1077 1266 1077 1269 1337 1252 1594 1269 1644 1249 1743 1266 1866 1249 2590 1258 2596 1226 2584 1170 2552 1191 2283 1191 2225 1170 2213 1170 2187 1191 1956 1191 1895 1170 1527 1191 1466 1173 1144 1191 1118 1173 896 1173 881 1188 855 1173 846 1173 808 1193 619 1193 622 1240"/></Shape>
	    <String CONTENT="ceux-ci. Les négociants en gros peuvent à leur guise"
                    HPOS="619.0"
                    VPOS="1170.0"
                    WIDTH="1977.0"
                    HEIGHT="99.0"></String>
          </TextLine>
          <TextLine ID="eSc_line_583fee3d"
                    TAGREFS="LT76"
                    BASELINE="627 1325 2645 1304" 
                    HPOS="622.0"
                    VPOS="1261.0"
                    WIDTH="2020.0"
                    HEIGHT="99.0">
            <Shape><Polygon POINTS="624 1322 624 1342 680 1360 683 1360 686 1360 1068 1342 1232 1336 1378 1336 1390 1342 1407 1354 1410 1354 1413 1354 1416 1354 1495 1342 1553 1334 1571 1342 1588 1351 1591 1351 1594 1351 1641 1342 1685 1334 1714 1342 1743 1351 1746 1351 1749 1351 1752 1351 1755 1351 1769 1342 1784 1334 1927 1342 2047 1348 2050 1348 2096 1342 2187 1328 2292 1342 2330 1345 2333 1345 2336 1345 2347 1342 2394 1325 2637 1339 2642 1301 2634 1261 622 1278 624 1322"/></Shape>
	    <String CONTENT="acquérir et introduire en ville des quantités indéter¬"
                    HPOS="622.0"
                    VPOS="1261.0"
                    WIDTH="2020.0"
                    HEIGHT="99.0"></String>
          </TextLine>
          <TextLine ID="eSc_line_aa86c361"
                    TAGREFS="LT76"
                    BASELINE="604 1409 2651 1395" 
                    HPOS="598.0"
                    VPOS="1339.0"
                    WIDTH="2050.0"
                    HEIGHT="100.0">
            <Shape><Polygon POINTS="601 1407 601 1433 1182 1424 1214 1436 1226 1439 1229 1439 1232 1439 1235 1439 1246 1436 1276 1424 1299 1436 1308 1439 1311 1439 1314 1439 1340 1436 1422 1421 1515 1436 1550 1439 1553 1439 1635 1433 1836 1421 1977 1433 2017 1436 2020 1436 2645 1430 2648 1392 2639 1339 598 1351 601 1407"/></Shape>
	    <String CONTENT="minées de marchandises; les associations qu&#x27;ils forment"
                    HPOS="598.0"
                    VPOS="1339.0"
                    WIDTH="2050.0"
                    HEIGHT="100.0"
                    WC="0.9654824246059764"></String>
          </TextLine>
          <TextLine ID="eSc_line_eeba7dfd"
                    TAGREFS="LT76"
                    BASELINE="619 1497 1036 1485 2642 1485" 
                    HPOS="613.0"
                    VPOS="1433.0"
                    WIDTH="2026.0"
                    HEIGHT="87.0">
            <Shape><Polygon POINTS="616 1494 616 1520 2637 1515 2639 1482 2637 1444 753 1433 750 1433 613 1447 616 1494"/></Shape>
	    <String CONTENT="entre eux ne relèvent d&#x27;aucun contrôle; personne ne fi¬"
                    HPOS="613.0"
                    VPOS="1433.0"
                    WIDTH="2026.0"
                    HEIGHT="87.0"></String>
          </TextLine>
          <TextLine ID="eSc_line_21221bd7"
                    TAGREFS="LT76"
                    BASELINE="613 1590 1352 1579 2628 1585" 
                    HPOS="607.0"
                    VPOS="1526.0"
                    WIDTH="2018.0"
                    HEIGHT="99.0">
            <Shape><Polygon POINTS="610 1588 613 1625 668 1611 753 1620 765 1605 808 1623 890 1605 952 1605 972 1623 984 1623 1054 1605 1355 1605 1398 1623 1416 1623 1495 1605 1527 1623 1536 1625 1644 1625 1685 1605 1793 1605 1839 1625 1956 1625 1985 1605 2117 1605 2155 1623 2254 1605 2619 1614 2625 1582 2622 1538 1027 1526 607 1541 610 1588"/></Shape>
	    <String CONTENT="xe un maximum au prix qu&#x27;ils exigent des acheteurs."
                    HPOS="607.0"
                    VPOS="1526.0"
                    WIDTH="2018.0"
                    HEIGHT="99.0"></String>
          </TextLine>
          <TextLine ID="eSc_line_64bd24ce"
                    TAGREFS="LT76"
                    BASELINE="622 1678 2663 1678" 
                    HPOS="619.0"
                    VPOS="1620.0"
                    WIDTH="2041.0"
                    HEIGHT="96.0">
            <Shape><Polygon POINTS="619 1675 619 1696 695 1713 846 1698 867 1698 963 1713 966 1716 1176 1716 1176 1713 1182 1713 1200 1698 1264 1713 1267 1716 1495 1716 1495 1713 1533 1698 2657 1710 2660 1637 2006 1620 1901 1634 1810 1620 1714 1634 1541 1620 1524 1637 1337 1637 1276 1620 1144 1634 1127 1620 992 1620 969 1637 773 1637 639 1620 619 1631 619 1675"/></Shape>
	    <String CONTENT="Eux -seuls, dans leurs gildes, ou leurs hanses, associations"
                    HPOS="619.0"
                    VPOS="1620.0"
                    WIDTH="2041.0"
                    HEIGHT="96.0"></String>
          </TextLine>
          <TextLine ID="eSc_line_845dc25b"
                    TAGREFS="LT76"
                    BASELINE="616 1763 2625 1754" 
                    HPOS="610.0"
                    VPOS="1701.0"
                    WIDTH="2012.0"
                    HEIGHT="85.0">
            <Shape><Polygon POINTS="613 1760 613 1783 2619 1786 2622 1751 2616 1716 1953 1701 1950 1701 1947 1701 1944 1701 1921 1716 1918 1716 1898 1716 1498 1704 1495 1704 610 1719 613 1760"/></Shape>
	    <String CONTENT="volontaires &lt;...........&gt; comparables en cela à nos"
                    HPOS="610.0"
                    VPOS="1701.0"
                    WIDTH="2012.0"
                    HEIGHT="85.0"></String>
          </TextLine>
          <TextLine ID="eSc_line_b28a85f7"
                    TAGREFS="LT76"
                    BASELINE="627 1850 2657 1836" 
                    HPOS="622.0"
                    VPOS="1783.0"
                    WIDTH="2032.0"
                    HEIGHT="102.0">
            <Shape><Polygon POINTS="624 1847 624 1885 741 1868 2651 1865 2654 1833 2645 1798 2012 1798 1877 1783 1874 1783 1871 1783 1833 1804 1647 1804 1614 1786 1612 1786 1609 1786 1606 1786 1576 1801 1343 1789 1340 1789 1337 1789 1334 1789 1314 1806 1182 1806 1030 1789 1027 1789 1025 1789 987 1806 966 1792 963 1792 960 1792 957 1792 954 1792 922 1806 785 1792 782 1792 779 1792 735 1806 680 1792 677 1792 674 1792 671 1792 622 1809 624 1847"/></Shape>
	    <String CONTENT="syndicats et à nos trusts, peuvent imposer &lt;............&gt;"
                    HPOS="622.0"
                    VPOS="1783.0"
                    WIDTH="2032.0"
                    HEIGHT="102.0"></String>
          </TextLine>
          <TextLine ID="eSc_line_ea15b387"
                    TAGREFS="LT76"
                    BASELINE="627 1932 2599 1912" 
                    HPOS="622.0"
                    VPOS="1856.0"
                    WIDTH="1974.0"
                    HEIGHT="96.0">
            <Shape><Polygon POINTS="624 1929 624 1952 2596 1944 2596 1909 2590 1871 2397 1856 2394 1856 2312 1871 2298 1874 2283 1871 2219 1859 2216 1859 2061 1874 2026 1877 1994 1874 1874 1862 1871 1862 1769 1877 1740 1879 1711 1877 1606 1865 1603 1865 1498 1879 1463 1882 1337 1879 925 1871 922 1871 919 1871 916 1871 902 1885 896 1888 884 1885 849 1874 846 1874 843 1874 622 1885 624 1929"/></Shape>
	    <String CONTENT="&lt;...........&gt; le respect de certaines règles ou de certains"
                    HPOS="622.0"
                    VPOS="1856.0"
                    WIDTH="1974.0"
                    HEIGHT="96.0"></String>
          </TextLine>
          <TextLine ID="eSc_line_7abe2372"
                    TAGREFS="LT76"
                    BASELINE="633 2022 1591 2002 2663 2008" 
                    HPOS="627.0"
                    VPOS="1958.0"
                    WIDTH="2033.0"
                    HEIGHT="91.0">
            <Shape><Polygon POINTS="630 2020 630 2049 759 2034 966 2049 998 2049 1001 2049 1016 2049 1109 2031 1141 2046 1144 2046 1147 2046 1162 2046 1425 2031 1509 2043 1530 2046 1533 2046 1553 2043 1638 2028 1898 2040 1959 2043 1962 2043 1965 2043 1971 2040 2003 2025 2654 2034 2660 2005 2657 1961 662 1958 659 1958 657 1958 627 1970 630 2020"/></Shape>
	    <String CONTENT="procédés. Pour le reste, si &lt;.......&gt; restreinte et si mala¬"
                    HPOS="627.0"
                    VPOS="1958.0"
                    WIDTH="2033.0"
                    HEIGHT="91.0"></String>
          </TextLine>
          <TextLine ID="eSc_line_0114543a"
                    TAGREFS="LT76"
                    BASELINE="624 2107 2657 2087" 
                    HPOS="619.0"
                    VPOS="2031.0"
                    WIDTH="2035.0"
                    HEIGHT="111.0">
            <Shape><Polygon POINTS="622 2104 622 2122 893 2142 896 2142 981 2128 1191 2139 1194 2139 1197 2139 1238 2122 1246 2119 1290 2122 1489 2136 1492 2136 1495 2136 1533 2122 1544 2116 1576 2122 1664 2133 1667 2133 1810 2119 1889 2113 2648 2116 2654 2084 2648 2046 2534 2031 2531 2031 2321 2046 2286 2049 2280 2049 2245 2034 2242 2034 2239 2034 2236 2034 2201 2049 2199 2049 2190 2049 2088 2034 2085 2034 2082 2034 2047 2049 2041 2052 1944 2052 1489 2040 1486 2040 619 2060 622 2104"/></Shape>
	    <String CONTENT="droite encore que soit la force naissante de leur capita¬"
                    HPOS="619.0"
                    VPOS="2031.0"
                    WIDTH="2035.0"
                    HEIGHT="111.0"></String>
          </TextLine>
          <TextLine ID="eSc_line_fecb9397"
                    TAGREFS="LT76"
                    BASELINE="613 2198 2625 2180" 
                    HPOS="607.0"
                    VPOS="2128.0"
                    WIDTH="2015.0"
                    HEIGHT="105.0">
            <Shape><Polygon POINTS="610 2195 616 2233 633 2218 864 2230 914 2230 954 2215 2622 2215 2622 2177 2616 2136 2067 2128 1901 2145 1842 2130 1831 2130 1816 2148 1495 2148 1463 2133 1188 2151 1156 2136 1147 2136 1118 2151 1036 2136 1027 2136 1007 2151 937 2136 846 2154 607 2142 610 2195"/></Shape>
	    <String CONTENT="lisme, elle se déploie du moins sans entraves et &lt;.......&gt;"
                    HPOS="607.0"
                    VPOS="2128.0"
                    WIDTH="2015.0"
                    HEIGHT="105.0"></String>
          </TextLine>
          <TextLine ID="eSc_line_054e50f8"
                    TAGREFS="LT76"
                    BASELINE="619 2291 2613 2276" 
                    HPOS="613.0"
                    VPOS="2218.0"
                    WIDTH="1997.0"
                    HEIGHT="108.0">
            <Shape><Polygon POINTS="616 2288 616 2311 747 2326 987 2311 1030 2311 1191 2323 2610 2306 2610 2274 2604 2236 2526 2218 2517 2218 2485 2239 2190 2239 2137 2224 1991 2239 1886 2221 1760 2244 1641 2244 1614 2224 1603 2224 1565 2241 1533 2239 1433 2224 1387 2239 1360 2244 1267 2227 1121 2241 1007 2227 949 2250 785 2250 765 2239 733 2230 613 2239 616 2288"/></Shape>
	    <String CONTENT="&lt;.....&gt; sa liberté achève de nous faire comprendre"
                    HPOS="613.0"
                    VPOS="2218.0"
                    WIDTH="1997.0"
                    HEIGHT="108.0"></String>
          </TextLine>
          <TextLine ID="eSc_line_ed589657"
                    TAGREFS="LT76"
                    BASELINE="622 2382 2076 2373" 
                    HPOS="616.0"
                    VPOS="2317.0"
                    WIDTH="1457.0"
                    HEIGHT="100.0">
            <Shape><Polygon POINTS="619 2379 619 2417 703 2405 2067 2405 2073 2370 2064 2326 1743 2332 1737 2329 1725 2317 1723 2317 1720 2317 1717 2317 1638 2329 1623 2332 1617 2329 1588 2317 1585 2317 1582 2317 1422 2332 1390 2335 1378 2332 1319 2320 1317 2320 1098 2338 1071 2338 1057 2338 946 2323 943 2323 940 2323 896 2338 814 2323 811 2323 721 2338 665 2323 662 2323 659 2323 657 2323 616 2338 619 2379"/></Shape>
	    <String CONTENT="leur influence et leur domination."
                    HPOS="616.0"
                    VPOS="2317.0"
                    WIDTH="1457.0"
                    HEIGHT="100.0"></String>
          </TextLine>
          <TextLine ID="eSc_line_88cc4adb"
                    TAGREFS="LT75"
                    BASELINE="1413 2544 1575 2553" 
                    HPOS="1404.0"
                    VPOS="2460.0"
                    WIDTH="172.0"
                    HEIGHT="161.0">
            <Shape><Polygon POINTS="1404 2609 1486 2621 1489 2621 1492 2621 1568 2595 1574 2551 1576 2469 1413 2460 1410 2542 1404 2609"/></Shape>
	    <String CONTENT="V"
                    HPOS="1404.0"
                    VPOS="2460.0"
                    WIDTH="172.0"
                    HEIGHT="161.0"></String>
          </TextLine>
          <TextLine ID="eSc_line_f846ea63"
                    TAGREFS="LT76"
                    BASELINE="706 2700 2642 2665" 
                    HPOS="700.0"
                    VPOS="2592.0"
                    WIDTH="1939.0"
                    HEIGHT="131.0">
            <Shape><Polygon POINTS="703 2723 2639 2685 2639 2662 2634 2598 2374 2592 2339 2615 2260 2603 2207 2618 2146 2598 2137 2598 2070 2621 1994 2598 1985 2598 1947 2615 1833 2606 1833 2609 1810 2630 1749 2630 1702 2603 1693 2603 1632 2630 1518 2609 1439 2633 1296 2618 1179 2638 1080 2621 1016 2641 741 2621 700 2641 703 2697"/></Shape>
	    <String CONTENT="En résumé dans les villes industrielles de la Belgi¬"
                    HPOS="700.0"
                    VPOS="2592.0"
                    WIDTH="1939.0"
                    HEIGHT="131.0"></String>
          </TextLine>
          <TextLine ID="eSc_line_c8ce4758"
                    TAGREFS="LT77"
                    BASELINE="835 2742 1945 2730" 
                    HPOS="829.0"
                    VPOS="2688.0"
                    WIDTH="1115.0"
                    HEIGHT="67.0">
            <Shape><Polygon POINTS="832 2741 832 2755 1942 2746 1944 2729 1936 2688 829 2697 832 2741"/></Shape>
	    <String CONTENT="la population se divise donc"
                    HPOS="829.0"
                    VPOS="2688.0"
                    WIDTH="1115.0"
                    HEIGHT="67.0"></String>
          </TextLine>
          <TextLine ID="eSc_line_a8dee023"
                    TAGREFS="LT78"
                    BASELINE="2489 2708 2542 2712" 
                    HPOS="2482.0"
                    VPOS="2671.0"
                    WIDTH="58.0"
                    HEIGHT="70.0">
            <Shape><Polygon POINTS="2488 2706 2482 2735 2534 2741 2540 2711 2540 2671 2488 2671 2488 2706"/></Shape>
	    <String CONTENT="ou"
                    HPOS="2482.0"
                    VPOS="2671.0"
                    WIDTH="58.0"
                    HEIGHT="70.0"></String>
          </TextLine>
          <TextLine ID="eSc_line_fadc78d7"
                    TAGREFS="LT76"
                    BASELINE="639 2787 2204 2761 2645 2767" 
                    HPOS="633.0"
                    VPOS="2714.0"
                    WIDTH="2009.0"
                    HEIGHT="108.0">
            <Shape><Polygon POINTS="1918 2732 1393 2735 1363 2738 1130 2738 1100 2741 838 2741 832 2735 633 2735 636 2822 1042 2802 1226 2816 1477 2796 1600 2811 1620 2811 1880 2790 1959 2805 1985 2805 2117 2787 2193 2802 2219 2802 2304 2784 2339 2799 2359 2799 2511 2781 2639 2793 2642 2764 2637 2714 1921 2720 1918 2732"/></Shape>
	    <String CONTENT="que &lt;......................&gt; dès le XIIIe siècle, trois"
                    HPOS="633.0"
                    VPOS="2714.0"
                    WIDTH="2009.0"
                    HEIGHT="108.0"></String>
          </TextLine>
          <TextLine ID="eSc_line_9d50c6c7"
                    TAGREFS="LT76"
                    BASELINE="633 2878 2639 2843" 
                    HPOS="627.0"
                    VPOS="2799.0"
                    WIDTH="2010.0"
                    HEIGHT="108.0">
            <Shape><Polygon POINTS="630 2875 630 2907 963 2887 1048 2898 1077 2901 1080 2901 1127 2895 1209 2887 1328 2892 1442 2895 1445 2895 1448 2895 1474 2887 1506 2878 1536 2887 1562 2892 1565 2892 1568 2892 1614 2884 1664 2875 1702 2881 1743 2889 1746 2889 1813 2878 1863 2872 2050 2872 2464 2878 2467 2878 2637 2857 2637 2840 2628 2799 627 2822 630 2875"/></Shape>
	    <String CONTENT="groupes bien distincts. Au sommet, la grande bour¬"
                    HPOS="627.0"
                    VPOS="2799.0"
                    WIDTH="2010.0"
                    HEIGHT="108.0"></String>
          </TextLine>
          <TextLine ID="eSc_line_2654e6e0"
                    TAGREFS="LT76"
                    BASELINE="639 2962 2657 2930" 
                    HPOS="633.0"
                    VPOS="2881.0"
                    WIDTH="2021.0"
                    HEIGHT="116.0">
            <Shape><Polygon POINTS="636 2960 639 2997 703 2980 987 2992 998 2992 1001 2992 1004 2992 1033 2977 1168 2989 1176 2989 1179 2989 1182 2989 1229 2971 1334 2986 1340 2986 1343 2986 1346 2986 1384 2968 1530 2980 1533 2980 1536 2980 1539 2980 1559 2965 1687 2977 1690 2977 1854 2962 1906 2977 1909 2977 1912 2977 1915 2977 1918 2977 1921 2977 1947 2957 2120 2957 2254 2971 2272 2971 2274 2971 2277 2971 2280 2971 2301 2954 2356 2968 2359 2968 2362 2968 2371 2968 2531 2951 2651 2962 2654 2927 2645 2881 633 2913 636 2960"/></Shape>
	    <String CONTENT="geoisie capitaliste adonnée au commerce en gros; sous elle,"
                    HPOS="633.0"
                    VPOS="2881.0"
                    WIDTH="2021.0"
                    HEIGHT="116.0"></String>
          </TextLine>
          <TextLine ID="eSc_line_a0b5102e"
                    TAGREFS="LT76"
                    BASELINE="636 3053 1933 3030 2626 3038 2672 3061" 
                    HPOS="630.0"
                    VPOS="2974.0"
                    WIDTH="2039.0"
                    HEIGHT="108.0">
            <Shape><Polygon POINTS="633 3050 633 3076 890 3082 1010 3062 1179 3082 1279 3065 1518 3070 1550 3056 1623 3076 1711 3056 2003 3065 2058 3050 2234 3068 2315 3050 2663 3065 2669 3059 2666 2986 2184 2977 2143 2992 2053 2974 1889 2992 1778 2977 1714 2995 1591 2980 1521 2997 1413 2983 1150 3003 1092 2986 902 2986 838 3006 680 2989 630 3006 633 3050"/></Shape>
	    <String CONTENT="la petite bourgeoisie composée d&#x27;artisans indépendants;"
                    HPOS="630.0"
                    VPOS="2974.0"
                    WIDTH="2039.0"
                    HEIGHT="108.0"></String>
          </TextLine>
          <TextLine ID="eSc_line_1bcfbb6f"
                    TAGREFS="LT76"
                    BASELINE="639 3129 2493 3123 2619 3133 2691 3168" 
                    HPOS="633.0"
                    VPOS="3073.0"
                    WIDTH="2056.0"
                    HEIGHT="94.0">
            <Shape><Polygon POINTS="636 3126 636 3149 1918 3164 1921 3164 1962 3158 2020 3149 2058 3158 2079 3164 2082 3164 2085 3164 2114 3158 2187 3146 2520 3146 2666 3161 2689 3167 2686 3082 776 3073 773 3073 633 3088 636 3126"/></Shape>
	    <String CONTENT="au dernier échelon de l&#x27;échelle enfin, la masse des ouvriers"
                    HPOS="633.0"
                    VPOS="3073.0"
                    WIDTH="2056.0"
                    HEIGHT="94.0"></String>
          </TextLine>
          <TextLine ID="eSc_line_42a47d53"
                    TAGREFS="LT76"
                    BASELINE="630 3208 2390 3195 2475 3202 2622 3208" 
                    HPOS="624.0"
                    VPOS="3143.0"
                    WIDTH="1995.0"
                    HEIGHT="108.0">
            <Shape><Polygon POINTS="627 3205 627 3251 724 3231 852 3231 873 3249 966 3231 1103 3249 1156 3228 1352 3228 1419 3246 1428 3246 1463 3228 1536 3243 1571 3228 2000 3243 2044 3243 2096 3228 2184 3240 2219 3222 2257 3237 2368 3222 2435 3240 2616 3237 2619 3205 2616 3155 2053 3143 2009 3158 1571 3146 1541 3161 1098 3149 624 3164 627 3205"/></Shape>
	    <String CONTENT="salariés plus nombreux, mais aussi plus misérables que"
                    HPOS="624.0"
                    VPOS="3143.0"
                    WIDTH="1995.0"
                    HEIGHT="108.0"
                    WC="0.9894565156212559"></String>
          </TextLine>
        </TextBlock>
        <TextBlock HPOS="137.0"
                   VPOS="3158.0"
                   WIDTH="426.0"
                   HEIGHT="263.0"
                   ID="eSc_textblock_0c37e79a"
                   TAGREFS="BT131">
          <Shape><Polygon POINTS="137 3158 137 3421 563 3421 563 3158"/></Shape>
          <TextLine ID="eSc_line_8d0ea3d1"
                    TAGREFS="LT78"
                    BASELINE="160 3295 564 3304" 
                    HPOS="154.0"
                    VPOS="3231.0"
                    WIDTH="409.0"
                    HEIGHT="117.0">
            <Shape><Polygon POINTS="154 3322 268 3322 280 3330 294 3342 294 3345 297 3345 300 3345 303 3345 385 3339 470 3330 557 3348 563 3301 560 3251 259 3234 256 3234 254 3234 248 3234 201 3249 160 3231 157 3292 154 3322"/></Shape>
	    <String CONTENT="de l&#x27;organisation"
                    HPOS="154.0"
                    VPOS="3231.0"
                    WIDTH="409.0"
                    HEIGHT="117.0"></String>
          </TextLine>
          <TextLine ID="eSc_line_c1cfa453"
                    TAGREFS="LT78"
                    BASELINE="151 3359 293 3362" 
                    HPOS="146.0"
                    VPOS="3307.0"
                    WIDTH="146.0"
                    HEIGHT="76.0">
            <Shape><Polygon POINTS="148 3357 146 3374 286 3383 292 3359 286 3307 148 3310 148 3357"/></Shape>
	    <String CONTENT="liste"
                    HPOS="146.0"
                    VPOS="3307.0"
                    WIDTH="146.0"
                    HEIGHT="76.0"></String>
          </TextLine>
        </TextBlock>
        <TextBlock HPOS="606.0"
                   VPOS="3307.0"
                   WIDTH="2059.0"
                   HEIGHT="198.0"
                   ID="eSc_textblock_c5b9833a"
                   TAGREFS="BT136">
          <Shape><Polygon POINTS="606 3307 606 3505 2665 3505 2665 3307"/></Shape>
          <TextLine ID="eSc_line_bf97b89e"
                    TAGREFS="LT76"
                    BASELINE="651 3354 2575 3341 2684 3351" 
                    HPOS="645.0"
                    VPOS="3275.0"
                    WIDTH="2038.0"
                    HEIGHT="102.0">
            <Shape><Polygon POINTS="648 3351 648 3377 2680 3368 2683 3348 2677 3295 2485 3295 2467 3292 2377 3275 2286 3275 2283 3275 2280 3275 2277 3275 2257 3292 2254 3292 2172 3275 2169 3275 2166 3275 2126 3292 2108 3298 2020 3292 1839 3278 1836 3278 1731 3292 1649 3304 1428 3304 1407 3289 1395 3281 1393 3281 1390 3281 1387 3281 1384 3281 1366 3289 1346 3301 1290 3289 1244 3281 1241 3281 1115 3284 1112 3284 1109 3284 1103 3289 1080 3304 946 3289 890 3284 887 3284 645 3286 648 3351"/></Shape>
	    <String CONTENT="(1) Je décris ici l&#x27;état de choses primitif. Plus tard, les marchands"
                    HPOS="645.0"
                    VPOS="3275.0"
                    WIDTH="2038.0"
                    HEIGHT="102.0"></String>
          </TextLine>
          <TextLine ID="eSc_line_c9c2ad88"
                    TAGREFS="LT76"
                    BASELINE="630 3412 2634 3394" 
                    HPOS="624.0"
                    VPOS="3342.0"
                    WIDTH="2007.0"
                    HEIGHT="105.0">
            <Shape><Polygon POINTS="2493 3342 2464 3342 2444 3342 2353 3354 2336 3354 2333 3354 2304 3342 2289 3342 2274 3342 2210 3354 2193 3357 2166 3354 2058 3345 2055 3345 1682 3359 1632 3345 1629 3345 1626 3345 1623 3345 1588 3362 1585 3362 1562 3362 1314 3351 1311 3351 1127 3365 1027 3351 1025 3351 902 3368 657 3354 654 3354 651 3354 648 3354 624 3365 627 3409 627 3447 762 3432 1492 3435 1959 3435 1962 3435 2628 3415 2631 3392 2625 3351 2508 3342 2493 3342"/></Shape>
	    <String CONTENT="de laine et les marchands de drap se séparèrent. Mais il est i¬"
                    HPOS="624.0"
                    VPOS="3342.0"
                    WIDTH="2007.0"
                    HEIGHT="105.0"></String>
          </TextLine>
          <TextLine ID="eSc_line_7dc2c971"
                    TAGREFS="LT76"
                    BASELINE="636 3467 2622 3450" 
                    HPOS="630.0"
                    VPOS="3403.0"
                    WIDTH="1989.0"
                    HEIGHT="91.0">
            <Shape><Polygon POINTS="633 3465 633 3494 2616 3470 2619 3447 2610 3403 630 3427 633 3465"/></Shape>
	    <String CONTENT="nutile, dans un ouvrage comme celui-ci, d&#x27;entrer dans tous les"
                    HPOS="630.0"
                    VPOS="3403.0"
                    WIDTH="1989.0"
                    HEIGHT="91.0"></String>
          </TextLine>
        </TextBlock>
      </PrintSpace>
    </Page>
  </Layout>
</alto>
