2713 3471
2458.0 26.0 110.0 78.0 142

558.0 49.0 2073.0 115.0 et les rivalités sociales furent d'autant plus profondes

567.0 144.0 2044.0 107.0 qu'elles répartirent la population urbaine en ennemis

570.0 228.0 944.0 110.0 et en amis de la France.

602.0 326.0 2012.0 113.0 Les derniers triomphèrent tout d'abord. <.......> A la suite

564.0 416.0 2007.0 110.0 d'événements sur lesquels nous n'avons pas à insister

558.0 509.0 2047.0 118.0 ici, <.........> la guerre éclata entre Philippe le Bel et Gui de

561.0 613.0 2039.0 113.0 Dampierre. Elle se termina par la défaite <.........> du

564.0 699.0 2030.0 108.0 comte. En 1300, Gui se remettait aux mains du roi qui

561.0 801.0 2047.0 92.0 <..............> réunit la Flandre à la couronne et

608.0 882.0 2035.0 110.0 y envoya comme gouverneur Jacques de Châtillon. Lui-même

599.0 948.0 443.0 70.0 s'empressa de

567.0 992.0 2053.0 75.0 <............> visiter sa nouvelle conquête et dans toutes

553.0 1067.0 2064.0 95.0 les villes, les patriciens rivalisèrent de luxe et de dépen¬

564.0 1162.0 1960.0 99.0 ses pour lui <.....> témoigner leur reconnaissance.

613.0 1255.0 1958.0 87.0 <.......................................>

573.0 1347.0 2056.0 102.0 <......................................>

567.0 1446.0 2059.0 84.0 <....................................>

564.0 1521.0 2053.0 101.0 <....................................>

561.0 1619.0 2068.0 67.0 <.........................................>

584.0 1689.0 1998.0 98.0 <.........................................>

587.0 1784.0 1998.0 78.0 <................................>

584.0 1848.0 273.0 107.0 <.....>

628.0 1940.0 1957.0 113.0 Le peuple, atterré par la soudaineté de la catastrophe,

581.0 2050.0 2030.0 93.0 semblait résigné. Mais son apparente inertie recou¬

579.0 2143.0 2009.0 98.0 vrait une fureur et un désespoir qui se déchaineraient

576.0 2238.0 2003.0 107.0 à la première occasion. Elle ne tarda pas à se présenter.

567.0 2311.0 2012.0 133.0 Les impôts qu'il fallut lever pour couvrir les dépenses

564.0 2421.0 2038.0 109.0 occasionnées par les fêtes offertes au roi <................>

570.0 2519.0 2038.0 110.0 <............> soulevèrent des protestations indignées. Les

576.0 2614.0 2026.0 107.0 vaincus allaient donc devoir payer les réjouissances de

576.0 2698.0 2047.0 119.0 leurs vainqueurs ! L'humiliation était trop forte; une plus

581.0 2811.0 2010.0 98.0 longue patience devenait impossible. La rage de la

581.0 2889.0 2059.0 110.0 défaite, attisée par les rancunes amassées dans les coeurs,

579.0 3005.0 2055.0 84.0 <..................................> éclata brusque¬

558.0 3089.0 2036.0 89.0 ment. Partout, on court aux armes et partout, à la tête

579.0 3175.0 2026.0 105.0 des révoltés, les ouvriers de la laine, plus pauvres, plus

587.0 3265.0 2024.0 119.0 méprisés, plus ulcérés que les autres, mais aussi plus nom¬
