2713 3552
2561.0 17.0 51.0 83.0 21

544.0 59.0 2083.0 127.0 dans les campagnes voisines ou dans le château.

533.0 136.0 2111.0 136.0 Mais à la campagne et dans le château, <...> la ser¬

536.0 230.0 2126.0 128.0 vitude est la condition normale <......> du peuple. Ce

550.0 313.0 2100.0 145.0 sont donc des serves que forcément les hommes du

559.0 408.0 2118.0 145.0 portus vont épouser. Et qu'arrivera-t-il si, leur appli¬

574.0 491.0 2082.0 163.0 quant le droit traditionnel dans toute sa rigueur,

556.0 580.0 2062.0 168.0 le maître, de leurs compagnes réclame les enfants

577.0 668.0 2103.0 178.0 qu'elles auront mis au monde ? ^(1).  Sans doute, jusqu'à¬

556.0 763.0 2106.0 175.0 lors <........ ...> personne n'a protesté contre la cou¬

559.0 861.0 2100.0 180.0 tume qui partage <.... ..... .... .. .......>

1634.0 950.0 471.0 83.0 la descendance

553.0 956.0 2080.0 165.0 <................ ........>  de deux non¬

550.0 1030.0 2112.0 192.0 libres entre leurs seigneurs respectifs. Si exorbitante

574.0 1145.0 2053.0 181.0 qu'elle paraisse, elle était en réalité très naturelle

568.0 1237.0 2076.0 177.0 si l'on songe que les serfs d'un domaine épousaient

556.0 1323.0 2062.0 186.0 les serves du domaine voisin et que <............>

559.0 1403.0 2109.0 198.0 <... ...... .... ....... .......... ..... .....>

559.0 1494.0 2133.0 210.0 <... ...... .... ....... .......... .....> le partage des enfants

556.0 1601.0 2130.0 180.0 ne consistait, en somme, que dans le partage de leur

550.0 1696.0 2118.0 186.0 travail et laissait subsister la famille. Mais ce

959.0 1826.0 308.0 89.0 avait été

574.0 1799.0 2076.0 199.0 qui était admissible <.... ... ..... .. .....>

574.0 1879.0 2088.0 207.0 <....> dans le milieu rural et servile, cessait de l'être

568.0 1986.0 2062.0 195.0 dans le milieu urbain. Le paysan avait pu tolérer

571.0 2074.0 2097.0 208.0 <...........> que la <..........> loi domaniale sous la¬

1602.0 2175.0 409.0 80.0 aussi sa lignée

568.0 2163.0 2088.0 225.0 quelle il vivait atteignit <........ ... ..........>. Pour

556.0 2267.0 2100.0 189.0 le marchand, l'idée même d'une telle ingérence de¬

565.0 2391.0 2106.0 175.0 vait paraître insupportable et monstrueuse. Homme

556.0 2498.0 2068.0 174.0 libre, sa femme, en l'épousant devait devenir libre

562.0 2604.0 2127.0 154.0 aussi et ses enfants naître libres. La coutume, devant

1344.0 2693.0 468.0 71.0 nouveau qui

1824.0 2669.0 604.0 77.0 au sein de la nation et

562.0 2690.0 2112.0 172.0 le groupe social surgissait <...............> au¬

1522.0 2782.0 278.0 83.0 applicable

589.0 2812.0 1895.0 145.0 quel elle n'était point <......>, devait céder encore.

604.0 2903.0 2017.0 154.0 Ainsi, du simple fait de l'apparition de groupements

550.0 2971.0 2130.0 190.0 marchands sous les murailles des châtéaux, <..........>

562.0 3081.0 1745.0 121.0 <...> va découler une longue série de conséquences sociales.

577.0 3179.0 2088.0 168.0 (1). On sait que la condition de l'enfant suit celle

550.0 3294.0 1307.0 139.0 mère : partus ventrem sequitur.
