2713 3462
2493.0 5.0 121.0 75.0 107

585.0 60.0 2078.0 113.0 En Flandre comme à Florence les majores, les divites,

571.0 155.0 2043.0 110.0 les grands, règnent désormais sur les minores, les

568.0 245.0 1178.0 118.0 pauperes, les plebei, les petits.

597.0 372.0 2069.0 89.0 Les historiens modernes ont emprunté à l'antiquité, pour

571.0 455.0 2075.0 84.0 désigner cette classe dominante, Ie nom de "patriciat" et

571.0 542.0 2075.0 92.0 de "patriciens". L'emprunt <.....>, à vrai dire, n'est pas

565.0 628.0 2049.0 107.0 très heureux. Car les patriciens de Rome, chefs des clans

565.0 715.0 2041.0 115.0 primitifs de la cité, antérieurs à la plèbe et la soumet¬

568.0 802.0 2072.0 103.0 tant à leur autorité militaire et religieuse différent

591.0 879.0 2035.0 122.0 très profondément des grands bourgeois du Moyen âge

574.0 966.0 2058.0 104.0 lentement sortis de la <.....> masse et dont l'ascen¬

580.0 1044.0 2081.0 133.0 dant politique n'a d'autre support que leur ascendant

580.0 1145.0 2026.0 115.0 économique. On distingue bien, ça et là, parmi eux,

574.0 1240.0 2063.0 113.0 surtout dans les cités épiscopales, comme par exemple

577.0 1318.0 2040.0 141.0 à Liège, quelques ministeriales du prince territorial.

574.0 1404.0 2075.0 130.0 Mais ces exceptions sont trop rares pour infirmer la

568.0 1494.0 2055.0 136.0 règle générale. Là même où on les rencontre il reste

580.0 1598.0 2031.0 133.0 vrai que les patriciens, dans leur très grande majo¬

574.0 1693.0 2046.0 124.0 rité ne sont autre chose que des marchands enrichis.

655.0 1774.0 1965.0 144.0 <....> Cela revient à dire qu'ils sont en même temps

591.0 1878.0 2078.0 132.0 propriétaires fonciers. Les instruments du crédit étaient en

585.0 1976.0 2029.0 121.0 effet, trop rudimentaires pour permettre à un capitaliste

585.0 2065.0 2044.0 121.0 de placer ses bénéfices autrement qu'en terres ou en a¬

574.0 2155.0 2014.0 109.0 chats de rentes sur des maisons. Déjà, au XIIe siècle, les

580.0 2253.0 2049.0 130.0 Gesta episcoporum cameracensium nous montrent le

588.0 2319.0 1998.0 136.0 premier grand marchand dont l'histoire des Pays¬

580.0 2417.0 2072.0 121.0 Bas ait conservé le nom, Wérimbold, <...........> acqué¬

583.0 2504.0 2023.0 138.0 rant, à mesure que sa fortune se développe, des revenus

591.0 2610.0 1308.0 110.0 fonciers de plus en plus abondants.

972.0 2706.0 1068.0 95.0 Census accrescunt censibus

995.0 2789.0 1080.0 116.0 Et munera muneribus(1)

591.0 2887.0 2026.0 136.0 Au XIIIe siècle, le sol urbain presque tout entier appar¬

580.0 2985.0 2040.0 127.0 tient à d'opulents lignages et jusqu'à nos jours, dans

580.0 3084.0 2043.0 115.0 maintes villes flamandes, du noms de rues rap¬

606.0 3260.0 1847.0 167.0 (1) Gestes des évêques de Cambrai, éd. De Smedt, p.
