2713 3496
2546.0 17.0 99.0 90.0 211

611.0 72.0 2040.0 102.0 Mais si la concession caroline répond à un mo¬

553.0 192.0 2125.0 81.0 ment de l'évolution économique, les motifs qui ont

550.0 268.0 2136.0 101.0 surtout déterminé son auteur sont d'ordre purement

544.0 355.0 2128.0 116.0 politique. Le prince ne s'est aussi étroitement soumis la

539.0 466.0 2141.0 102.0 ville que pour la rendre incapable dans l'avenir de s'op

550.0 553.0 2116.0 114.0 poser à ses desseins. La constitution gantoise conservait

542.0 661.0 2092.0 99.0 encore, malgré les retouches qui y avaient été apportées

544.0 751.0 2131.0 105.0 sous le régime bourguignon, de nombreux vestiges de

533.0 824.0 2133.0 128.0 son ancien<..> caractère démocratique. L'échevinage

550.0 923.0 2128.0 114.0 ne pouvait à lui seul engager la ville. Toutes les ques¬

559.0 1005.0 2116.0 131.0 tions importantes et particulièrement toutes les ques¬

550.0 1104.0 2110.0 119.0 tions financières devaient être soumises aux trois

542.0 1200.0 2118.0 131.0 membres de la bourgeoisie. Sans leur consentement,

550.0 1293.0 2125.0 137.0 aucun impôt nouveau ne pouvait être levé et ce con¬

553.0 1389.0 2130.0 137.0 sentement était souvent bien difficile à obtenir, cha¬

1404.0 1474.0 143.0 64.0 ant

568.0 1497.0 2133.0 143.0 que membre prétend<...>, <.......>, que seules les décisions

547.0 1590.0 2116.0 123.0 prises à l'unanimité étaient valables. Il dépendait

1253.0 1663.0 378.0 64.0 d'entre eux

550.0 1686.0 2130.0 137.0 donc d'un seul <...................> d'empêcher

542.0 1791.0 2144.0 140.0 la perception d'une "aide" <.....> approuvée par le reste

544.0 1882.0 2134.0 128.0 de la population. Or, depuis le commencement du XVI^e

1940.0 1972.0 239.0 70.0 prince

544.0 1978.0 2128.0 122.0 siècle, les dépenses grandissantes du <......> et surtout ses

559.0 2080.0 2139.0 119.0 guerres continuelles le forçaient à <................>

547.0 2185.0 2125.0 104.0 <........................> demander continuelle

539.0 2263.0 2124.0 131.0 ment aux subsides aux États-Généraux. On comprend

536.0 2356.0 2133.0 126.0 dès lors l'impatience avec laquelle il supportait la préten

1579.0 2429.0 489.0 85.0 de le frustrer

550.0 2458.0 2116.0 129.0 tion de quelques métiers <..............> par leur re¬

544.0 2560.0 2122.0 114.0 fus <............> des ressources qu'il jugeait indispen¬

547.0 2654.0 2145.0 99.0 sables à sa politique. <..........................>

553.0 2750.0 2092.0 110.0 En effet, le mécanisme compliqué des États Généraux

533.0 2837.0 2142.0 108.0 ne leur permettait point de voter. Les représentants des

542.0 2933.0 2127.0 120.0 diverses provinces qui y siégeaient "n'avaient charge

544.0 3032.0 2142.0 105.0 que d'ouïr" et devaient demander à leurs commettants

547.0 3120.0 2160.0 119.0 la réponse à faire. Presque toujours, la résistance <.....>

547.0 3219.0 2131.0 87.0 <...............> d'une ville encourageait les autres

527.0 3303.0 2148.0 108.0 à suivre son exemple. Il arrivait donc que l'obstination
