2713 3531
2424.0 58.0 150.0 92.0 178

532.0 79.0 2113.0 118.0 si leur autonomie et leur liberté d'allures contrastent

523.0 173.0 2101.0 100.0 énergiquement avec la subordination toujours crois¬

532.0 261.0 2063.0 121.0 sante des villes anglaises et françaises à l'égard de la

523.0 356.0 2072.0 132.0 couronne, elles n'allèrent point au delà. Elles diffèrent

538.0 435.0 2074.0 121.0 tout à la fois des freie Reichstädte de l'Empire ou des répu¬

523.0 532.0 2139.0 124.0 bliques municipales de la Toscane et des communes de France

520.0 629.0 2075.0 118.0 étroitement surveillées par les prévôts et les baillis du

520.0 729.0 168.0 80.0 roi.

538.0 815.0 2063.0 120.0 Leur puissance et leur richesse expliquent facilement

538.0 912.0 2130.0 114.0 qu'elles n'aient point partagé le sort de celle-ci. Mais comment

520.0 1000.0 2128.0 124.0 n'ont-elles pas suffi à leur procurer le rang de celle-là ? Pour¬

535.0 1100.0 2110.0 115.0 quoi Liège, par exemple, qui était très loin de le céder pour le

520.0 1200.0 2116.0 112.0 nombre des habitants et pour les ressources aux cités épiscopales

532.0 1279.0 2104.0 112.0 de <........> l'Allemagne n'atteignit-elle point à cette

532.0 1368.0 2083.0 117.0 « immédiateté » qui échut en partage à <........> un si

544.0 1450.0 2063.0 109.0 grand nombre d'entre-elles ? Comment surtout Gand et

526.0 1535.0 2110.0 115.0 Bruges <....................................>, qui ne crai¬

538.0 1618.0 2074.0 123.0 gnirent point d'affronter le roi de France et réussirent à lui

532.0 1691.0 2119.0 127.0 tenir tête au commencement du XIVe siècle, ne purent-elles se¬

762.0 1762.0 412.0 77.0 la suprématie

547.0 1794.0 1398.0 95.0 couer <.........> du comte de Flandre ? ¬

547.0 1874.0 1580.0 123.0 Il n'est pas difficile de répondre à la question.

538.0 1965.0 2124.0 141.0 Une république municipale, en effet, si elle possède l'indé¬

538.0 2056.0 2107.0 124.0 pendance à l'égard de son prince, ne jouit pas pour cela d'une

532.0 2150.0 2107.0 106.0 indépendance absolue. Elle n'échappe au pouvoir de son comte

535.0 2227.0 2092.0 129.0 ou de son évêque qu'en se plaçant sous le pouvoir direct du

529.0 2315.0 2101.0 136.0 suzerain supérieur. La ville allemande n'est libre qu'en ce

514.0 2421.0 2122.0 124.0 sens qu'elle a remplacé l'autorité voisine et par là très

526.0 2492.0 2075.0 126.0 active de son seigneur, par l'autorité lointaine et par là

532.0 2574.0 2116.0 147.0 très faible de l'empereur. Mais au XIVe siècle, l'empereur <..>

535.0 2677.0 2125.0 121.0 <...........> est devenu un étranger pour les Pays-Bas. Sa suze¬

514.0 2754.0 2143.0 138.0 raineté sur les contrées de la rive droite de l'Escaut n'est plus

538.0 2863.0 2119.0 108.0 qu'une suzeraineté nominale. Ni en Hollande, ni en Brabant

532.0 2933.0 2107.0 141.0 ni en Hainaut, ni dans la principauté de Liège personne ne

523.0 3033.0 2075.0 124.0 songe plus à faire appel à son intervention. La conduite

526.0 3110.0 2122.0 144.0 des villes liégeoises au plus fort de leurs luttes avec Adolphe de

526.0 3195.0 2107.0 150.0 la Marck le prouve d'une manière frappante. Au lieu de

547.0 3289.0 2086.0 156.0 citer celui-ci devant Louis de Bavière, qui ne laisserait
