2713 3570
2453.0 14.0 105.0 60.0 78

533.0 35.0 2120.0 164.0 ce sens qu'à Saint-Trond, le bourgeois qui possède

521.0 127.0 2057.0 170.0 un pigeonnier pour son agrément n'a pas le

524.0 211.0 2105.0 169.0 droit de vendre ses pigeons à son voisin : il lui est

539.0 327.0 2120.0 154.0 seulement loisible, s'il veut s'en défaire, de les man¬

556.0 431.0 1713.0 152.0 ger ou de les exposer en vente au marché.

625.0 541.0 1992.0 140.0 Il est inutile d'insister davantage sur

553.0 639.0 2061.0 140.0 ces stipulations dont il serait aisé d'augmenter

556.0 725.0 2079.0 152.0 le nombre à l'infini. Si bizarres qu'elles parais¬

550.0 815.0 2118.0 151.0 sent à première vue, elles s'expliquent facilement

562.0 925.0 2073.0 137.0 si on les ramène au principe dont elles <..> consti¬

2355.0 972.0 277.0 96.0 principe

544.0 1011.0 2106.0 146.0 tuent <...> les applications rigoureuses. Ce <........>

536.0 1106.0 2135.0 143.0 est celui de l'échange direct (1) obligatoire ins¬

556.0 1213.0 2085.0 137.0 titué au profit de l'acheteur. Des deux parties

547.0 1335.0 2100.0 110.0 en présence au marché, le producteur de la cam¬

553.0 1425.0 2061.0 119.0 pagne et le consommateur de la ville, celui-ci

547.0 1523.0 2115.0 107.0 seul est pris en considération par le législateur.

553.0 1621.0 2109.0 110.0 <........> L'interdiction des monopoles et des ac¬

556.0 1716.0 2064.0 122.0 caparements, la publicité des transactions, la

550.0 1826.0 2094.0 107.0 suppression des intermédiaires ne sont qu'autant de

544.0 1915.0 2106.0 107.0 moyens de lui garantir son approvisionnement indi¬

556.0 2014.0 2115.0 110.0 viduel dans les conditions les plus favorables. La lé¬

562.0 2127.0 2094.0 107.0 gislation urbaine le protège contre les abus de la spécula¬

547.0 2204.0 2124.0 119.0 tion et elle le protège aussi contre les fraudes et les trom¬

550.0 2302.0 2127.0 119.0 peries des vendeurs. Toute une armée de fonction¬

542.0 2412.0 2120.0 78.0 naires - renards, wardes, vinders,  etc. - est occu¬

550.0 2504.0 2127.0 96.0 pée <.............> non seulement à veiller à l'ob¬

524.0 2576.0 2156.0 110.0 servation des règlements sur les marchés, mais encore

539.0 2671.0 2117.0 98.0 à inspecter les denrées importées en ville et à confis¬

792.0 2737.0 455.0 59.0 sur le champ

553.0 2760.0 2115.0 110.0 quer <..................> toutes celles qui ne sont pas de

559.0 2867.0 2082.0 105.0 qualité irréprochable, ou, pour employer l'expression

544.0 2963.0 2100.0 130.0 même des textes du temps, toutes celles qui ne sont pas

544.0 3052.0 355.0 125.0 "loyales".

550.0 3201.0 2145.0 187.0 (1) J'emprunte cette expression à M. Bücher. Voy. dans

536.0 3308.0 2108.0 145.0 ses Études d'histoire et d'économie politique traduites

553.0 3385.0 2097.0 146.0 par A. Hansay, son remarquable exposé des Origines

547.0 3465.0 1046.0 87.0 de l'économie nationale.
