2713 3499
2488.0 2.0 125.0 105.0 183

495.0 11.0 1961.0 140.0 gré mal gré, soumet les jugements de leurs tribu

484.0 128.0 1552.0 111.0 naux à l'appel de ses conseils de justice.

510.0 230.0 2086.0 108.0 Il importe de remarquer d'ailleurs qu'il est arrivé à ses fins

487.0 309.0 2056.0 119.0 sans trop de peine. Car manifestement, les privilèges que les villes

507.0 419.0 2124.0 94.0 prétendirent défendre contre lui avaient fait leur temps et étaient

501.0 486.0 2112.0 108.0 condamnés à disparaître. Non seulement tout le monde, en dehors des

513.0 580.0 2100.0 116.0 bourgeoisies, les supportait impatiemment, mais ils s'opposaient

510.0 661.0 2036.0 137.0 encore à l'expansion des forces nouvelles qui, depuis le XV^e siècle

513.0 752.0 2106.0 140.0 déterminent de plus en plus le développement économique.

510.0 839.0 2124.0 137.0 Les progrès du capitalisme, de la navigation et de la circula¬

533.0 933.0 2092.0 154.0 tion générale <.....................> exigent la suppression

525.0 1023.0 2126.0 163.0 des entraves que la politique urbaine leur impose. Le grand

522.0 1122.0 2126.0 140.0 commerce se trouve désormais en face de l'économie urbaine

522.0 1218.0 2118.0 143.0 comme les villes s'étaient trouvées elles mêmes, à l'origine, en

530.0 1317.0 2104.0 149.0 face de l'économie domaniale. Il exige la suppression des

522.0 1420.0 2109.0 137.0 marchés privilégiés, des étapes, des monopoles industriels.

539.0 1513.0 2074.0 131.0 Lui aussi, aspire au droit commun et à la suppression de ces

536.0 1592.0 2101.0 180.0 franchises municipales qui ne sont plus qu'un obstacle à la li¬

539.0 1670.0 228.0 108.0 berté.

563.0 1772.0 2109.0 172.0 Mais <............................> les bourgeoisies

1388.0 1871.0 426.0 73.0 naturellement

1840.0 1889.0 187.0 79.0 défense

545.0 1889.0 2121.0 134.0 qui en jouissent s'acharnent à leur <............>. Leur protectionnis¬

530.0 1971.0 2133.0 148.0 me s'exaspère à mesure qu'il est plus menacé. Au lieu de <......>

525.0 2043.0 2144.0 161.0 s'adapter aux nécessités de l'époque, les villes restent obstiné¬

519.0 2125.0 2141.0 172.0 ment fidèles au passé. Si la concurrence étrangère restreint

1201.0 2216.0 260.0 96.0 bien loin

533.0 2221.0 2162.0 164.0 leurs exportations, <......> de chercher <........................>

530.0 2303.0 2150.0 163.0 <......> à lui tenir tête en renouvelant leur industrie, elles ne

548.0 2390.0 2124.0 175.0 voient de salut que dans un redoublement de protection¬

539.0 2475.0 2086.0 190.0 nisme. <........> Au milieu de la transformation qui s'ac¬

536.0 2565.0 2133.0 187.0 complit autour d'elles, elles conservent inébranlable leur con¬

548.0 2656.0 2144.0 198.0 fiance dans la législation médiévale qui a fait leur grandeur.

548.0 2761.0 2115.0 183.0 Elles considèrent que toute dérogation à leurs privilèges surannés

545.0 2857.0 2144.0 172.0 amènera fatalement leur "totale destruction et destitution"

705.0 2918.0 295.0 85.0 n'admettent

568.0 2959.0 2124.0 166.0 Elles <........> pas que ces privilèges, irrémédiablement vieillis ne

565.0 3038.0 2118.0 181.0 constituent plus que des entraves à l'exercice du commerce

554.0 3140.0 2129.0 163.0 <......................> Bruges a beau voir les marchands

554.0 3239.0 2147.0 155.0 <.........................> l'abandonner de plus en plus pour

545.0 3324.0 2147.0 145.0 Anvers; Dordrecht, a beau constater les progrès croissants du port
