2713 3457
2485.0 2.0 121.0 118.0 117

518.0 14.0 1964.0 104.0 ment le premier de ses soucis. Sous son adminis¬

504.0 112.0 2145.0 109.0 tration, on voit les villes racheter les vieux tonlieux

513.0 224.0 2145.0 95.0 seigneuriaux ou ecclésiastiques, et obtenir pour leurs

513.0 337.0 2136.0 77.0 bourgeois, non seulement du prince territorial, mais de

518.0 414.0 2140.0 95.0 princes étrangers, des privilèges de sauf conduites toutes

524.0 504.0 2154.0 95.0 sortes d'avantages économiques. Un système de courriers

516.0 599.0 2130.0 89.0 est organisé entre les foires de Champagne, ce grand mar¬

2196.0 671.0 263.0 69.0 communes

527.0 697.0 2122.0 86.0 ché de l'Europe du XIIIe siècle, et les principales <......> fla¬

524.0 792.0 2090.0 103.0 mandes. Pour faciliter l'afflux et la circulation des

518.0 901.0 2094.0 87.0 marchandises, des rivières sont approfondies, canali¬

518.0 979.0 2091.0 121.0 sées, pourvues de « rabots »(1) et d'overdrags. <......> A

521.0 1068.0 2093.0 116.0 Ardenbourg, le canal du Leet, à Gand, celui de la Lieve

510.0 1163.0 2067.0 121.0 mettent ces villes en communication directe avec la

521.0 1267.0 2128.0 115.0 mer. Bruges dépense des sommes considérables à régulariser

518.0 1365.0 2076.0 112.0 les passes du Zwin. Le plus grand monument civil que

513.0 1466.0 2101.0 121.0 nous avons conservé du Moyen Âge, les halles d'Ypres, suffi¬

513.0 1555.0 2076.0 110.0 rait d'ailleurs à nous donner l'idée de l'efflorescence

513.0 1647.0 2113.0 104.0 économique et en même temps de la splendeur des villes

798.0 1731.0 848.0 75.0 l'administration patricienne

516.0 1745.0 2104.0 118.0 sur <.................................> quand bien même les

521.0 1852.0 1361.0 92.0 textes seraient muets à cet égard.

599.0 1933.0 1995.0 118.0 Tant d'activité et une activité si variée exigeait à

518.0 2045.0 2120.0 106.0 côté des magistrats, tout un personnel permanent de

498.0 2126.0 2140.0 115.0 scribes. Dès la première moitié du XIIIe siècle, il est complète¬

501.0 2226.0 2105.0 93.0 ment organisé. Les clercs de l'échevinage dressent les chi¬

513.0 2321.0 2113.0 93.0 rographes <.....> constatant les transactions passées devant le

507.0 2393.0 2136.0 113.0 tribunal urbain, s'acquittent de la correspondance muni¬

501.0 2471.0 2125.0 124.0 -cipale, tiennent les écritures relatives à la comptabilité. C'est

507.0 2575.0 2113.0 115.0 dans ces bureaux urbains que, <.....................> le latin

516.0 2659.0 2110.0 135.0 qui de l'Église a passé à  la société laïque comme langue des

504.0 2759.0 2090.0 136.0 affaires est abandonné pour la première fois, innovation

510.0 2857.0 2110.0 107.0 caractéristique et bien en harmonie avec l'esprit novateur

498.0 2955.0 2145.0 110.0 qui anime les bourgeoisies. La plus ancienne charte en langue

501.0 3030.0 2125.0 118.0 française que nous connaissions est due à un scribe douai¬

507.0 3145.0 2151.0 124.0 (1) Un rabot, corruption du français « rabat », est une sorte de bar¬

498.0 3217.0 2140.0 119.0 rage mobile destiné à maintenir le plan d'eau à un niveau

504.0 3298.0 2116.0 127.0 permanent. Un overdrag est un plan incliné servant
