2713 3520
2507.0 26.0 114.0 170.0 159

507.0 44.0 1868.0 129.0 litaire <.........> est atteints dans ses bases, <...>

2216.0 29.0 267.0 129.0 aussitôt

519.0 176.0 2132.0 108.0 que le peuple arrive au pouvoir. Rien de tel au contraire

505.0 269.0 2128.0 118.0 ni à Liège, ni à Bruges, ni à Gand. Ici, l'administration

502.0 390.0 2125.0 99.0 <..........> urbaine reste aux mains de l'échevinage et

513.0 478.0 2144.0 114.0 ne trahit aucune modification essentielle. L'organisme

505.0 586.0 2166.0 106.0 municipal conserve tous ses anciens rouages. <............>

502.0 674.0 2152.0 129.0 <..> Il continue à fonctionner comme il le faisait aupara¬

2069.0 777.0 547.0 76.0 s'est transformée.

510.0 774.0 2129.0 147.0 vant. Seule la force qui le met en mouvement <........>

513.0 891.0 2108.0 121.0 Au lieu d'obéir à une oligarchie de riches, <..............>

505.0 973.0 2155.0 132.0 <.............> ce sont désormais les métiers qui déter¬

499.0 1076.0 2169.0 126.0 minent son action. L'esprit de la politique a changé beau¬

516.0 1185.0 2126.0 135.0 coup plus que le système politique lui même. C'en a été

513.0 1293.0 2129.0 138.0 assez d'ailleurs pour produire des résultats très impor¬

510.0 1410.0 1354.0 124.0 tants. <.....................>

1403.0 1625.0 159.0 117.0 II

622.0 1757.0 1997.0 135.0 Examinons les tout d'abord dans l'organisation

513.0 1868.0 2120.0 144.0 économique. Quelques mots suffiront à en faire com¬

519.0 1971.0 2135.0 135.0 prendre la nature. Avant le triomphe du régime démo¬

1494.0 2056.0 244.0 73.0 étroitement

516.0 2070.0 2138.0 135.0 cratique, les métiers sont soumis <............> à l'échevi¬

513.0 2185.0 2123.0 129.0 nage; après lui, chacun d'eux arrive à l'autonomie, exerce,

516.0 2288.0 2123.0 114.0 en matière industrielle, la juridiction sur ses membres,

522.0 2381.0 2158.0 150.0 intervient dans la confection des règlements qui <.......>

525.0 2481.0 2164.0 147.0 s'imposent à eux. Bref, les corporations professionnelles <...>

534.0 2549.0 314.0 73.0 jouissent

528.0 2590.0 2155.0 149.0 <.......> désormais du droit de gérer elles-mêmes leurs pro¬

534.0 2686.0 2108.0 153.0 pres intérêts. C'était là la première de leurs revendications

525.0 2792.0 2164.0 147.0 et celle, <.........>, dont découlaient toutes les autres. A vrai

525.0 2886.0 2158.0 147.0 dire, l'échevinage ne perd pas <................................>

516.0 2989.0 2135.0 135.0 <.....> toute autorité sur elles. <..> C'est lui qui promulgue

519.0 3085.0 2141.0 144.0 leurs statuts, et c'est lui encore qui, en cas de conflit entre

522.0 3194.0 2114.0 138.0 deux métiers évoque la querelle à son tribunal. Mais

1564.0 3285.0 206.0 76.0 restées

537.0 3305.0 2126.0 138.0 si importantes que soient <......> ces prérogatives, elles
