2713 3501
551.0 84.0 2115.0 58.0 leur propriété subsistait seulement un droit à des cens mini¬

546.0 137.0 2131.0 87.0 mes et à certaines <........> en cas de transmission du sol. <...........>

1098.0 119.0 221.0 64.0 prestations

549.0 207.0 2126.0 108.0 <......................> Chacun d'eux possédait un « terrier » (cyns¬

549.0 306.0 2123.0 79.0 bock) où ces transmissions étaient inscrites en présence de quel¬

549.0 370.0 2123.0 102.0 ques témoins constituant la « cour foncière » ( laethof ) du seigneur

537.0 449.0 2129.0 108.0 du fonds. En réalité, celui-ci n'était plus guère <....> qu'une sorte

531.0 539.0 1156.0 79.0 de directeur d'enregistrement(1).

1687.0 583.0 164.0 50.0 III

1413.0 627.0 123.0 46.0 pénal

563.0 644.0 2123.0 79.0 Tout ce droit personnel, réel, civil et commercial qui nait dans

537.0 708.0 2132.0 111.0 le milieu urbain serait inapplicable s'il n'existait un tribu¬

522.0 790.0 2141.0 99.0 nal <................> grâce auquel il entre en action. Dans la so¬

519.0 869.0 2103.0 87.0 ciété plastique du Moyen Age, chaque classe d'hommes sa coutu¬

2245.0 846.0 444.0 93.0 de même qu'elle vit suivant

516.0 942.0 2147.0 102.0 coutume propre, <..> possède sa juridiction spéciale. Par dessus <........>

525.0 1032.0 2126.0 94.0 <........> l'organisation judiciaire de l'État, <....> l'Église a ces

525.0 1099.0 2144.0 100.0 officialités, la noblesse ses cours féodales, les paysans leurs cours

519.0 1181.0 2141.0 105.0 domaniales. La bourgeoisie, à son tour, acquiert ses échevi¬

505.0 1260.0 2152.0 119.0 nages. Chaque ville, dès une époque qu'il est impossible de dé¬

511.0 1342.0 2137.0 110.0 terminer avec exactitude, mais dont l'on peut placer le

525.0 1417.0 2147.0 114.0 point de départ <...........> dans la seconde moitié du XIe

505.0 1502.0 1731.0 88.0 siècle, devient ainsi une sorte d'immunité.

528.0 1555.0 2152.0 131.0 Entre l'immunité urbaine et l'ancienne immunité de

505.0 1642.0 2164.0 128.0 l'époque franque, toutefois, les différences sont nombreus¬

496.0 1732.0 2167.0 114.0 ses et significatives. L'immunité franque constitue un pri¬

516.0 1814.0 2164.0 108.0 vilège par lequel le roi renonce à intervenir directement

505.0 1884.0 2170.0 105.0 dans les terres d'un seigneur foncier. Elle en ferme l'accès au

502.0 1969.0 2158.0 117.0 fonctionnaire public et elle a pour résultat de laisser à la lon¬

499.0 2062.0 2158.0 108.0 gue, la juridiction domaniale du propriétaire absorber, au

496.0 2138.0 2161.0 111.0 moins dans une large mesure, les attributions de la juri¬

493.0 2228.0 2176.0 108.0 diction publique(2). Il en est tout autrement de l'immunité

490.0 2322.0 2176.0 102.0 urbaine. La juridiction privilégiée qu'elle accorde aux bour¬

493.0 2404.0 2170.0 110.0 geois, loin d'affaiblir la juridiction publique, la renforce au

484.0 2491.0 2161.0 108.0 contraire. <.......> Au lieu d'échapper à l'autorité souveraine,

484.0 2570.0 2173.0 117.0 la ville, par l'octroi d'un tribunal local, se rattache direc¬

476.0 2652.0 2178.0 105.0 tement à elle. Son échevinage est, dans toute la force du terme

473.0 2733.0 2190.0 120.0 un echevinage public, si l'on peut employer cette expression

484.0 2824.0 2167.0 108.0 d'apparence trop moderne, un échevinage d'État. Loin que

487.0 2923.0 2182.0 99.0 le fonctionnaire du prince ne puisse y pénétrer, c'est lui, tout

487.0 2990.0 2170.0 108.0 à l'inverse, qui le préside et en exécute les sentences. <......>

2426.0 3051.0 240.0 82.0 Bref, comme

84.0 551.0 172.0 108.0 III

2572.0 14.0 120.0 93.0 45

484.0 3124.0 2170.0 96.0 (1) En somme, l'histoire de la propriété foncière me parait avoir

473.0 3197.0 2190.0 85.0 évolué dans les villes du Moyen Âge comme en Angleterre où théo¬

470.0 3270.0 2187.0 73.0 riquement, le roi reste propriétaire du sol. Mais cette propriété théo¬

470.0 3334.0 2172.0 94.0 rique n'empêche en rien l'expansion et le jeu de la propriété effective.

484.0 3387.0 2161.0 108.0 (2) Je ne puis entrer ici dans l'analyse détaillée de la jurisdiction
