2713 3526
2464.0 11.0 107.0 134.0 75

576.0 61.0 2072.0 103.0 subsistance est assurée de façon permanente par le

599.0 155.0 2075.0 91.0 travail de leurs hommes. La bourgeoisie au contraire ne

581.0 235.0 2061.0 111.0 dispose ni de serfs ni de domaines. Elle ne peut à aucun

576.0 317.0 2101.0 120.0 titre revendiquer les produits du sol. Pour se les procurer il

599.0 411.0 2064.0 106.0 faut qu'elle les achète ou, si l'on veut, qu'elle les échange

581.0 484.0 2082.0 112.0 contre les <...........> denrées qu'elle fabrique. Au lieu

581.0 567.0 2108.0 114.0 d'être <............> économiquement indépendante, elle

584.0 661.0 2084.0 120.0 a perpétuellement besoin, pour durer, de l'intervention

579.0 766.0 2086.0 103.0 des paysans et des propriétaires des alentours. Cette inter¬

581.0 846.0 2090.0 111.0 vention, elle ne peut l'exiger à aucun titre. Mais la con¬

579.0 943.0 2084.0 100.0 trainte est superflue. Il va de soi que d'eux-mêmes est

579.0 1019.0 2122.0 124.0 par le simple jeu des circonstances économiques, les gens

581.0 1110.0 2096.0 115.0 de la campagne <..........> viennent exposer en vente

573.0 1192.0 2101.0 118.0 leurs produits dans la ville voisine. Celle-ci leur four¬

570.0 1289.0 2107.0 118.0 nit ce dont ils ont été privés jusqu'à son apparition : un

564.0 1378.0 2084.0 117.0 marché pour leurs récoltes. Du jour où elle s'est fondée

573.0 1466.0 2075.0 108.0 ils cessent d'être tout à la fois les producteurs et les con¬

564.0 1551.0 2093.0 112.0 sommateurs des fruits de la terre. L'ancienne économie

581.0 1630.0 2117.0 130.0 domestique-rurale dans laquelle chacun ne cultive

581.0 1713.0 2049.0 126.0 et ne récolte qu'en vue de son entretien, disparait à

581.0 1801.0 2090.0 126.0 partir du moment où des colonies de marchands et

584.0 1883.0 2087.0 123.0 d'artisans <.......> sollicitent <....> le travail de l'agri¬

584.0 1977.0 2090.0 103.0 culteur. Désormais, celui-ci devient à son tour vendeur et

579.0 2059.0 2086.0 106.0 acheteur. Il vend au bourgeois les produits du sol <....>

579.0 2156.0 2086.0 106.0 et il lui achète, en retour, les ustensiles et les vêtements qu'il

579.0 2241.0 2084.0 115.0 était contraint jadis de fabriquer lui-même suivant les

579.0 2324.0 2095.0 129.0 procédés rudimentaires d'une technique rurale. <....>

579.0 2424.0 2098.0 111.0 <.....................> En même temps et en conséquence

1066.0 2491.0 77.0 80.0 il

576.0 2529.0 2101.0 94.0 <...> ensemence et cultive davantage, sûr désor¬

576.0 2609.0 2092.0 94.0 mais de trouver des acquéreurs pour les moissons qu'il

570.0 2685.0 2090.0 112.0 arrache à la glèbe. Sa charrue attaque les terres en fri¬

570.0 2773.0 2090.0 118.0 che sa cognée abat les arbres de la forêt voisine, les fumées

576.0 2864.0 2095.0 109.0 de ses "sarts" rampent sur les landes. Ce sont comme les

564.0 2953.0 2122.0 114.0 effluves d'une activité nouvelle qui, des villes naissantes,

564.0 3044.0 2147.0 131.0 se répandent sur le plat-pays. Le paysan a désormais en dehors

584.0 3120.0 2067.0 109.0 de sa famille, un but pour lequel agir et produire. La

576.0 3202.0 2116.0 100.0 condition s'améliore rapidement. <........> Cette forme juridi¬

579.0 3282.0 2086.0 105.0 que de la condition des individus si parfaitement lieu

576.0 3361.0 2095.0 115.0 adaptée aux besoins d'une époque où l'homme attaché
