<?xml version='1.0' encoding='UTF-8'?>
<alto xmlns="http://www.loc.gov/standards/alto/ns-v4#" xmlns:xsi="http://www.w3.org/2001/XMLSchema-instance" xsi:schemaLocation="http://www.loc.gov/standards/alto/ns-v4# http://www.loc.gov/standards/alto/v4/alto-4-2.xsd">
  <Description>
    <MeasurementUnit>pixel</MeasurementUnit>
    <sourceImageInformation>
      <fileName>ARCH-DIV-000494_0149.png</fileName>
    </sourceImageInformation>
  </Description>
  <Tags>
    <OtherTag ID="BT1" LABEL="Title" DESCRIPTION="block type Title" /><OtherTag ID="BT2" LABEL="Main" DESCRIPTION="block type Main" /><OtherTag ID="BT3" LABEL="Commentary" DESCRIPTION="block type Commentary" /><OtherTag ID="BT4" LABEL="Illustration" DESCRIPTION="block type Illustration" /><OtherTag ID="BT130" LABEL="TitlePageZone" DESCRIPTION="block type TitlePageZone" /><OtherTag ID="BT131" LABEL="MarginTextZone" DESCRIPTION="block type MarginTextZone" /><OtherTag ID="BT132" LABEL="MainZone" DESCRIPTION="block type MainZone" /><OtherTag ID="BT133" LABEL="CustomZone:numbering" DESCRIPTION="block type CustomZone:numbering" /><OtherTag ID="BT134" LABEL="NumberingZone" DESCRIPTION="block type NumberingZone" /><OtherTag ID="BT136" LABEL="MarginTextZone:lower" DESCRIPTION="block type MarginTextZone:lower" />
    <OtherTag ID="LT75" LABEL="HeadingLine" DESCRIPTION="line type HeadingLine" /><OtherTag ID="LT76" LABEL="DefaultLine" DESCRIPTION="line type DefaultLine" /><OtherTag ID="LT77" LABEL="InterlinearLine:correction" DESCRIPTION="line type InterlinearLine:correction" /><OtherTag ID="LT78" LABEL="InterlinearLine:addition" DESCRIPTION="line type InterlinearLine:addition" />
  </Tags>
  <Layout>
    <Page WIDTH="2713" HEIGHT="3459" PHYSICAL_IMG_NR="143" ID="eSc_dummypage_">
      <PrintSpace HPOS="0" VPOS="0" WIDTH="2713" HEIGHT="3459">
        <TextBlock HPOS="2408.0" VPOS="27.0" WIDTH="155.0" HEIGHT="115.0" ID="eSc_textblock_856272ed" TAGREFS="BT134">
          <Shape><Polygon POINTS="2408 27 2408 142 2563 139 2563 27" /></Shape>
          <TextLine ID="eSc_line_8ecf5567" TAGREFS="LT76" BASELINE="2416 100 2534 106" HPOS="2410.0" VPOS="37.0" WIDTH="121.0" HEIGHT="104.0">
            <Shape><Polygon POINTS="2413 98 2410 126 2525 141 2531 103 2528 37 2413 43 2413 98" /></Shape>
	    <String CONTENT="141" HPOS="2410.0" VPOS="37.0" WIDTH="121.0" HEIGHT="104.0" />
          </TextLine>
        </TextBlock>
        <TextBlock HPOS="495.0" VPOS="4.0" WIDTH="2169.0" HEIGHT="3324.0" ID="be6de79a-8de9-4867-950e-323bcb31665f" TAGREFS="BT132">
          <Shape><Polygon POINTS="2380 147 2664 158 2626 3304 495 3328 499 7 2360 4" /></Shape>
          <TextLine ID="eSc_line_69ac917e" TAGREFS="LT76" BASELINE="550 112 1458 103 2361 115" HPOS="547.0" VPOS="40.0" WIDTH="1811.0" HEIGHT="89.0">
            <Shape><Polygon POINTS="547 109 547 129 2355 129 2358 112 2358 63 2271 40 2263 40 2219 60 2026 40 1833 40 1810 57 1677 43 1640 57 1611 40 1603 40 1504 60 1435 40 1427 40 1360 60 1173 43 1150 63 1035 63 1014 43 1014 40 928 51 882 63 755 63 726 40 616 40 588 60 547 51 547 109" /></Shape>
	    <String CONTENT="Elles arborent sur leurs beffrois la bannière" HPOS="547.0" VPOS="40.0" WIDTH="1811.0" HEIGHT="89.0" WC="0.9823107483775116" />
          </TextLine>
          <TextLine ID="eSc_line_e37f33a8" TAGREFS="LT76" BASELINE="553 207 1231 193 2525 198" HPOS="547.0" VPOS="144.0" WIDTH="1975.0" HEIGHT="92.0">
            <Shape><Polygon POINTS="550 204 550 236 836 219 1164 219 1187 233 1190 233 1193 233 1196 233 1199 233 1257 219 1294 233 1297 233 1300 233 1303 233 1306 233 1308 233 1334 219 1525 233 1562 233 1565 233 2519 224 2522 196 2519 158 588 144 585 144 582 144 547 155 550 204" /></Shape>
	    <String CONTENT="fleurdelisée et désormais, leurs magistrats se" HPOS="547.0" VPOS="144.0" WIDTH="1975.0" HEIGHT="92.0" />
          </TextLine>
          <TextLine ID="eSc_line_73473e67" TAGREFS="LT76" BASELINE="536 288 1458 276 2551 282" HPOS="530.0" VPOS="236.0" WIDTH="2018.0" HEIGHT="81.0">
            <Shape><Polygon POINTS="533 285 533 317 729 302 2542 311 2548 279 2542 236 530 236 533 285" /></Shape>
	    <String CONTENT="sentant inviolables, bravent audacieusement" HPOS="530.0" VPOS="236.0" WIDTH="2018.0" HEIGHT="81.0" />
          </TextLine>
          <TextLine ID="eSc_line_4c1cc313" TAGREFS="LT76" BASELINE="536 374 836 366 2554 374" HPOS="533.0" VPOS="308.0" WIDTH="2018.0" HEIGHT="101.0">
            <Shape><Polygon POINTS="533 371 533 403 787 389 1026 389 1058 403 1210 392 1251 406 1340 392 1484 406 1542 392 1729 406 1874 394 1894 409 2548 403 2551 371 2548 331 1951 331 1931 314 1920 314 1859 328 1842 311 1392 325 1357 311 1280 325 1233 311 1135 325 1006 308 962 322 596 308 533 322 533 371" /></Shape>
	    <String CONTENT="l'autorité comtale et la colère impuissante des" HPOS="533.0" VPOS="308.0" WIDTH="2018.0" HEIGHT="101.0" WC="0.9692431586854001" />
          </TextLine>
          <TextLine ID="eSc_line_a35197aa" TAGREFS="LT76" BASELINE="550 469 1294 461 2591 469" HPOS="547.0" VPOS="403.0" WIDTH="2042.0" HEIGHT="104.0">
            <Shape><Polygon POINTS="547 466 547 501 706 484 787 498 836 484 1190 484 1352 498 1435 487 1951 504 2072 487 2107 504 2194 490 2225 507 2586 507 2589 466 2583 420 2372 423 2306 406 2162 423 2070 406 2032 426 1781 426 1744 406 1594 423 1510 406 1355 423 1176 403 937 420 792 403 547 420 547 466" /></Shape>
	    <String CONTENT="gens de métier. &lt;..............................&gt;" HPOS="547.0" VPOS="403.0" WIDTH="2042.0" HEIGHT="104.0" />
          </TextLine>
          <TextLine ID="eSc_line_0ad289e8" TAGREFS="LT76" BASELINE="547 567 1164 553 2577 556" HPOS="542.0" VPOS="495.0" WIDTH="2032.0" HEIGHT="104.0">
            <Shape><Polygon POINTS="544 564 544 599 709 596 781 576 859 593 862 596 1081 596 1081 593 1133 576 1320 576 1415 596 1571 576 1631 593 1649 593 1718 576 1948 588 1983 573 2049 590 2072 593 2211 573 2364 573 2395 588 2416 593 2571 585 2574 553 2571 513 2505 498 2462 513 2424 495 2413 495 2387 513 2168 498 2150 513 2038 501 1908 515 1865 515 1726 498 1669 515 1660 515 1585 498 1548 518 1450 518 1421 498 1406 498 1383 513 1245 498 1239 498 1205 513 1187 498 1176 498 1144 515 919 515 772 498 752 518 542 518 544 564" /></Shape>
	    <String CONTENT="&lt;..............&gt; Le roi qui, en France, supprime les pri¬" HPOS="542.0" VPOS="495.0" WIDTH="2032.0" HEIGHT="104.0" />
          </TextLine>
          <TextLine ID="eSc_line_7098be29" TAGREFS="LT76" BASELINE="524 648 2519 634" HPOS="518.0" VPOS="590.0" WIDTH="1998.0" HEIGHT="98.0">
            <Shape><Polygon POINTS="521 645 521 671 720 688 723 688 726 688 764 671 775 668 798 671 873 686 876 686 1009 671 1066 665 1104 671 1190 686 1193 686 1196 686 1225 671 1233 665 1268 671 1314 677 1317 677 1320 677 1346 671 1378 662 1406 671 1453 683 1455 683 1458 683 1461 683 1502 671 1525 662 1628 668 1744 677 1747 677 1868 668 2000 660 2018 668 2038 680 2041 680 2044 680 2514 665 2516 631 2508 590 518 596 521 645" /></Shape>
	    <String CONTENT="vilèges des communes se fait, en Flandre, par calcul" HPOS="518.0" VPOS="590.0" WIDTH="1998.0" HEIGHT="98.0" />
          </TextLine>
          <TextLine ID="eSc_line_95d352e8" TAGREFS="LT76" BASELINE="521 746 1107 735 2589 737" HPOS="516.0" VPOS="680.0" WIDTH="2070.0" HEIGHT="101.0">
            <Shape><Polygon POINTS="518 743 518 781 608 781 608 778 614 778 642 758 671 778 680 781 937 781 937 778 942 778 942 775 962 758 1011 775 1020 775 1060 760 1078 778 1098 778 1190 758 1424 775 1438 775 1504 758 2583 769 2586 735 2580 691 2191 694 2113 680 2090 697 1876 697 1747 680 1649 694 1640 694 1623 680 1461 680 1291 694 1268 680 1259 680 1184 694 968 680 951 697 801 697 697 680 516 697 518 743" /></Shape>
	    <String CONTENT="politique, le défenseur de l'autonomie municipale" HPOS="516.0" VPOS="680.0" WIDTH="2070.0" HEIGHT="101.0" />
          </TextLine>
          <TextLine ID="eSc_line_46e5cd4e" TAGREFS="LT76" BASELINE="527 835 1386 818 2586 818" HPOS="521.0" VPOS="760.0" WIDTH="2062.0" HEIGHT="101.0">
            <Shape><Polygon POINTS="524 833 524 858 1219 861 1366 844 1383 858 1406 858 1493 844 1571 858 1825 841 2170 856 2225 856 2358 838 2577 853 2583 815 2577 769 2424 775 2378 760 2274 775 2208 760 1966 778 1862 763 1856 763 1825 778 1790 763 1784 763 1698 781 1680 766 1375 766 1346 786 1190 786 1086 769 951 786 686 772 521 789 524 833" /></Shape>
	    <String CONTENT="si hautement revendiquée par les échevinages patriciens." HPOS="521.0" VPOS="760.0" WIDTH="2062.0" HEIGHT="101.0" />
          </TextLine>
          <TextLine ID="eSc_line_e8b88fcf" TAGREFS="LT76" BASELINE="530 925 2551 896" HPOS="524.0" VPOS="841.0" WIDTH="2024.0" HEIGHT="113.0">
            <Shape><Polygon POINTS="527 948 1092 954 1095 954 1199 942 1277 936 1300 942 1329 951 1331 951 1334 951 1337 951 1340 951 1349 942 1363 933 1438 942 1504 948 1507 948 1510 948 1525 942 1545 931 1830 939 1914 939 1917 939 1960 936 2162 922 2289 933 2320 936 2323 936 2341 933 2407 919 2542 931 2548 893 2542 856 2352 841 2349 841 2346 841 2343 841 2320 856 2318 856 2234 844 2231 844 2150 858 2136 861 524 870 527 922" /></Shape>
	    <String CONTENT="Uniquement préoccupés des &lt;............&gt; intérêts du" HPOS="524.0" VPOS="841.0" WIDTH="2024.0" HEIGHT="113.0" />
          </TextLine>
          <TextLine ID="eSc_line_21c63546" TAGREFS="LT76" BASELINE="530 1008 1977 985 2587 986 2636 1006" HPOS="524.0" VPOS="925.0" WIDTH="2111.0" HEIGHT="118.0">
            <Shape><Polygon POINTS="527 1005 527 1026 755 1043 758 1043 925 1026 937 1026 954 1026 1173 1037 1176 1037 1179 1037 1213 1026 1228 1020 2632 1020 2635 1005 2632 925 2548 939 2081 933 1931 933 1928 933 524 962 527 1005" /></Shape>
	    <String CONTENT="moment ceux-ci ne voient point qu'il ne les &lt;......&gt;" HPOS="524.0" VPOS="925.0" WIDTH="2111.0" HEIGHT="118.0" />
          </TextLine>
          <TextLine ID="eSc_line_a7ebfb9f" TAGREFS="LT76" BASELINE="527 1089 2540 1060" HPOS="521.0" VPOS="1008.0" WIDTH="2016.0" HEIGHT="124.0">
            <Shape><Polygon POINTS="524 1086 524 1118 691 1118 715 1132 717 1132 720 1132 723 1132 1040 1115 1395 1121 1398 1121 1401 1121 1438 1109 1461 1103 1473 1109 1496 1121 1499 1121 1502 1121 1504 1121 1525 1109 1542 1101 1649 1109 1741 1115 1744 1115 1891 1106 2136 1092 2531 1101 2537 1057 2528 1008 521 1043 524 1086" /></Shape>
	    <String CONTENT="&lt;..................&gt; soutient que pour abattre le" HPOS="521.0" VPOS="1008.0" WIDTH="2016.0" HEIGHT="124.0" />
          </TextLine>
          <TextLine ID="eSc_line_340a8de9" TAGREFS="LT76" BASELINE="530 1178 2557 1158" HPOS="524.0" VPOS="1118.0" WIDTH="2030.0" HEIGHT="98.0">
            <Shape><Polygon POINTS="527 1176 527 1202 758 1216 772 1202 850 1213 908 1199 937 1216 1075 1216 1075 1213 1438 1193 1510 1207 1577 1193 1729 1204 1750 1190 1842 1199 1937 1204 1986 1187 2052 1202 2168 1187 2188 1202 2199 1202 2228 1187 2548 1193 2554 1155 2545 1118 524 1138 527 1176" /></Shape>
	    <String CONTENT="comte; ils ne comprennent pas que l'absolutisme dont" HPOS="524.0" VPOS="1118.0" WIDTH="2030.0" HEIGHT="98.0" WC="0.9909269798260468" />
          </TextLine>
          <TextLine ID="eSc_line_442a6997" TAGREFS="LT76" BASELINE="542 1274 2589 1248" HPOS="536.0" VPOS="1204.0" WIDTH="2050.0" HEIGHT="107.0">
            <Shape><Polygon POINTS="539 1271 539 1294 628 1311 683 1297 804 1308 856 1291 954 1308 1000 1288 1216 1305 1355 1282 1548 1282 1600 1300 1747 1279 1775 1297 1784 1297 1911 1276 2049 1294 2217 1291 2237 1274 2277 1291 2286 1291 2358 1271 2580 1276 2586 1245 2577 1204 536 1219 539 1271" /></Shape>
	    <String CONTENT="ils secondent les efforts contre leur prince est, en principe," HPOS="536.0" VPOS="1204.0" WIDTH="2050.0" HEIGHT="107.0" />
          </TextLine>
          <TextLine ID="eSc_line_eb68ae3d" TAGREFS="LT76" BASELINE="539 1369 1701 1337" HPOS="533.0" VPOS="1291.0" WIDTH="1165.0" HEIGHT="98.0">
            <Shape><Polygon POINTS="536 1366 536 1389 1274 1389 1274 1386 1386 1363 1406 1380 1409 1380 1412 1380 1415 1380 1562 1363 1643 1374 1646 1374 1649 1374 1698 1351 1698 1334 1689 1291 1058 1314 974 1302 954 1302 951 1302 931 1305 844 1320 778 1308 772 1308 769 1308 761 1308 631 1325 533 1314 536 1366" /></Shape>
	    <String CONTENT="leur plus dangereux ennemi." HPOS="533.0" VPOS="1291.0" WIDTH="1165.0" HEIGHT="98.0" />
          </TextLine>
          <TextLine ID="eSc_line_def37e62" TAGREFS="LT76" BASELINE="573 1449 1014 1455 1784 1426 2571 1415" HPOS="567.0" VPOS="1363.0" WIDTH="2001.0" HEIGHT="127.0">
            <Shape><Polygon POINTS="570 1447 570 1490 2568 1441 2568 1412 2560 1363 567 1400 570 1447" /></Shape>
	    <String CONTENT="L'alliance de Philippe le Bel avec le patriciat souleva" HPOS="567.0" VPOS="1363.0" WIDTH="2001.0" HEIGHT="127.0" />
          </TextLine>
          <TextLine ID="eSc_line_3688faab" TAGREFS="LT76" BASELINE="539 1545 1453 1542 1995 1516 2557 1504" HPOS="533.0" VPOS="1458.0" WIDTH="2021.0" HEIGHT="112.0">
            <Shape><Polygon POINTS="536 1542 536 1570 1790 1565 1793 1565 1842 1545 1845 1545 1848 1545 1882 1562 1885 1562 1888 1562 1891 1562 1925 1545 1928 1542 2329 1536 2335 1536 2410 1553 2413 1553 2554 1530 2554 1501 2545 1458 1972 1467 1969 1467 1963 1470 1917 1484 1830 1470 1813 1470 1810 1470 1807 1470 1804 1470 1804 1472 1775 1490 533 1496 536 1542" /></Shape>
	    <String CONTENT="au sein du « commun », une exaspération d'autant plus" HPOS="533.0" VPOS="1458.0" WIDTH="2021.0" HEIGHT="112.0" />
          </TextLine>
          <TextLine ID="eSc_line_88468b30" TAGREFS="LT76" BASELINE="536 1640 2119 1608 2563 1611" HPOS="530.0" VPOS="1553.0" WIDTH="2030.0" HEIGHT="115.0">
            <Shape><Polygon POINTS="533 1637 533 1660 1003 1668 1006 1668 2560 1625 2560 1608 2557 1565 2280 1553 2277 1553 2274 1553 2271 1553 2248 1568 2245 1570 2219 1570 1320 1570 1317 1570 1314 1570 1311 1570 1297 1585 1294 1585 1271 1585 1035 1576 1032 1576 1029 1576 988 1591 983 1591 971 1591 879 1579 876 1579 530 1596 533 1637" /></Shape>
	    <String CONTENT="violente que le moment &lt;........&gt; avait semblé plus" HPOS="530.0" VPOS="1553.0" WIDTH="2030.0" HEIGHT="115.0" />
          </TextLine>
          <TextLine ID="eSc_line_6418a7b2" TAGREFS="LT76" BASELINE="539 1738 1017 1717 1929 1712 1930 1712 2571 1686" HPOS="533.0" VPOS="1645.0" WIDTH="2035.0" HEIGHT="127.0">
            <Shape><Polygon POINTS="536 1735 539 1772 593 1752 801 1764 824 1746 960 1764 974 1761 1017 1743 1245 1738 1340 1758 1346 1758 1398 1735 1470 1755 1617 1735 1842 1746 1940 1723 2015 1743 2194 1738 2231 1717 2243 1726 2263 1735 2271 1735 2320 1715 2565 1715 2568 1683 2560 1645 2150 1660 2015 1648 1876 1666 1758 1654 1738 1671 1597 1671 1502 1660 1337 1677 937 1671 787 1689 576 1680 533 1694 536 1735" /></Shape>
	    <String CONTENT="proche de la chute du régime oligarchique. L'interven¬" HPOS="533.0" VPOS="1645.0" WIDTH="2035.0" HEIGHT="127.0" />
          </TextLine>
          <TextLine ID="eSc_line_86ac5d33" TAGREFS="LT76" BASELINE="542 1815 2548 1769" HPOS="536.0" VPOS="1717.0" WIDTH="2009.0" HEIGHT="130.0">
            <Shape><Polygon POINTS="539 1813 539 1844 723 1833 758 1847 766 1847 804 1830 896 1841 934 1827 1164 1841 1291 1818 1317 1836 1326 1839 1415 1839 1415 1836 1556 1813 1897 1818 1911 1807 1920 1804 1951 1821 1960 1821 2018 1804 2035 1804 2113 1818 2185 1798 2283 1815 2303 1798 2545 1790 2545 1766 2540 1735 2450 1717 2444 1717 2401 1735 2075 1726 2035 1743 1914 1729 1280 1761 1159 1746 1017 1766 591 1761 536 1778 539 1813" /></Shape>
	    <String CONTENT="tion de l'étranger raffermissait la prépondérance" HPOS="536.0" VPOS="1717.0" WIDTH="2009.0" HEIGHT="130.0" WC="0.9827690175239076" />
          </TextLine>
          <TextLine ID="eSc_line_507864da" TAGREFS="LT76" BASELINE="536 1899 2170 1862 2577 1870" HPOS="530.0" VPOS="1801.0" WIDTH="2044.0" HEIGHT="121.0">
            <Shape><Polygon POINTS="533 1896 533 1922 1804 1911 1807 1911 1827 1905 1876 1890 2231 1885 2571 1893 2574 1867 2568 1801 1075 1847 1043 1841 980 1833 977 1833 974 1833 945 1844 934 1850 902 1847 818 1836 815 1836 530 1856 533 1896" /></Shape>
	    <String CONTENT="chancelante d'un gouvernement usé et détesté. Les haines" HPOS="530.0" VPOS="1801.0" WIDTH="2044.0" HEIGHT="121.0" WC="0.9900332008089338" />
          </TextLine>
          <TextLine ID="eSc_line_a1651d1b" TAGREFS="LT76" BASELINE="536 1994 1052 1971 2583 1945" HPOS="530.0" VPOS="1899.0" WIDTH="2050.0" HEIGHT="121.0">
            <Shape><Polygon POINTS="533 1991 533 2020 968 1997 1081 2009 1084 2009 1086 2009 1135 1991 2580 1977 2580 1942 2571 1899 1597 1908 1306 1925 1262 1928 1248 1928 1159 1916 1156 1916 1153 1916 1115 1931 1112 1931 1092 1931 890 1922 887 1922 885 1922 824 1937 821 1937 818 1937 703 1925 700 1925 530 1942 533 1991" /></Shape>
	    <String CONTENT="qu'il avait soulevées contre lui se doublèrent désormais" HPOS="530.0" VPOS="1899.0" WIDTH="2050.0" HEIGHT="121.0" />
          </TextLine>
          <TextLine ID="eSc_line_064db85a" TAGREFS="LT76" BASELINE="533 2081 2554 2032" HPOS="527.0" VPOS="1983.0" WIDTH="2024.0" HEIGHT="118.0">
            <Shape><Polygon POINTS="530 2078 530 2101 2548 2060 2551 2029 2542 1983 1934 2006 1853 2000 1747 1994 1744 1994 1631 2009 1565 2014 1499 2011 1363 2003 1360 2003 1357 2003 1355 2003 1340 2014 1334 2020 1308 2017 1236 2006 1233 2006 1231 2006 1228 2006 1208 2020 1199 2026 1095 2026 1078 2023 1032 2011 1029 2011 1026 2011 896 2029 864 2032 850 2029 789 2017 787 2017 527 2037 530 2078" /></Shape>
	    <String CONTENT="de haines égales contre la France, sa sauvegarde. &lt;......&gt;" HPOS="527.0" VPOS="1983.0" WIDTH="2024.0" HEIGHT="118.0" />
          </TextLine>
          <TextLine ID="eSc_line_56b4ab69" TAGREFS="LT77" BASELINE="1945 2091 2272 2095" HPOS="1940.0" VPOS="2049.0" WIDTH="331.0" HEIGHT="66.0">
            <Shape><Polygon POINTS="1943 2089 1940 2115 2269 2109 2271 2092 2266 2049 1943 2049 1943 2089" /></Shape>
	    <String CONTENT="la France" HPOS="1940.0" VPOS="2049.0" WIDTH="331.0" HEIGHT="66.0" />
          </TextLine>
          <TextLine ID="eSc_line_0a315e5b" TAGREFS="LT76" BASELINE="536 2170 2531 2127" HPOS="530.0" VPOS="2084.0" WIDTH="1998.0" HEIGHT="103.0">
            <Shape><Polygon POINTS="2260 2092 2231 2092 2202 2092 2173 2092 2145 2092 530 2127 533 2167 533 2187 2528 2153 2528 2124 2519 2084 2260 2089 2260 2092" /></Shape>
	    <String CONTENT="&lt;................&gt; Les partisans de &lt;.............&gt;" HPOS="530.0" VPOS="2084.0" WIDTH="1998.0" HEIGHT="103.0" />
          </TextLine>
          <TextLine ID="eSc_line_08ebd45a" TAGREFS="LT77" BASELINE="540 2212 847 2213" HPOS="539.0" VPOS="2173.0" WIDTH="305.0" HEIGHT="72.0">
            <Shape><Polygon POINTS="539 2210 539 2245 844 2245 844 2210 844 2176 539 2173 539 2210" /></Shape>
	    <String CONTENT="passèrent" HPOS="539.0" VPOS="2173.0" WIDTH="305.0" HEIGHT="72.0" />
          </TextLine>
          <TextLine ID="eSc_line_cd1ed2e1" TAGREFS="LT77" BASELINE="1168 2209 2438 2180" HPOS="1164.0" VPOS="2141.0" WIDTH="1272.0" HEIGHT="92.0">
            <Shape><Polygon POINTS="1167 2207 1167 2233 2433 2205 2436 2179 2427 2141 1164 2167 1167 2207" /></Shape>
	    <String CONTENT="pour des adversaires déclarés de la démocratie." HPOS="1164.0" VPOS="2141.0" WIDTH="1272.0" HEIGHT="92.0" />
          </TextLine>
          <TextLine ID="eSc_line_3da1a190" TAGREFS="LT76" BASELINE="527 2262 2565 2213" HPOS="521.0" VPOS="2167.0" WIDTH="2042.0" HEIGHT="127.0">
            <Shape><Polygon POINTS="2424 2182 2194 2184 2165 2187 1934 2190 1790 2196 1675 2196 1415 2205 1182 2205 521 2222 524 2294 2563 2239 2563 2210 2554 2167 2427 2170 2424 2182" /></Shape>
	    <String CONTENT="&lt;.....&gt; désormais &lt;...........................................&gt;" HPOS="521.0" VPOS="2167.0" WIDTH="2042.0" HEIGHT="127.0" />
          </TextLine>
          <TextLine ID="eSc_line_c7f6e430" TAGREFS="LT77" BASELINE="1981 2280 2140 2280" HPOS="1980.0" VPOS="2242.0" WIDTH="159.0" HEIGHT="64.0">
            <Shape><Polygon POINTS="1980 2277 1980 2306 2139 2297 2139 2277 2139 2242 1980 2242 1980 2277" /></Shape>
	    <String CONTENT="aux" HPOS="1980.0" VPOS="2242.0" WIDTH="159.0" HEIGHT="64.0" />
          </TextLine>
          <TextLine ID="eSc_line_c26410f0" TAGREFS="LT78" BASELINE="2279 2274 2533 2271" HPOS="2274.0" VPOS="2228.0" WIDTH="257.0" HEIGHT="72.0">
            <Shape><Polygon POINTS="2277 2271 2277 2300 2528 2288 2531 2268 2522 2228 2274 2233 2277 2271" /></Shape>
	    <String CONTENT="du peuple" HPOS="2274.0" VPOS="2228.0" WIDTH="257.0" HEIGHT="72.0" />
          </TextLine>
          <TextLine ID="eSc_line_ad158fa0" TAGREFS="LT76" BASELINE="527 2349 2072 2320 2586 2323" HPOS="521.0" VPOS="2259.0" WIDTH="2062.0" HEIGHT="130.0">
            <Shape><Polygon POINTS="2511 2271 2444 2280 2214 2280 2170 2265 2156 2265 2139 2271 2136 2280 2104 2282 1764 2271 1738 2291 1487 2291 1432 2277 1421 2277 1395 2297 1124 2297 1072 2282 1063 2282 1017 2300 873 2285 830 2303 784 2288 775 2288 743 2303 521 2303 524 2372 674 2389 680 2389 726 2369 775 2369 1023 2383 1135 2366 1383 2378 1479 2357 1582 2375 1600 2360 1611 2355 1732 2355 1755 2372 1764 2372 1951 2349 2116 2366 2205 2346 2286 2363 2410 2343 2580 2349 2583 2320 2577 2259 2511 2268 2511 2271" /></Shape>
	    <String CONTENT="&lt;.......&gt;. Les fleurs de lys ne furent plus, &lt;....&gt; yeux que l'em¬" HPOS="521.0" VPOS="2259.0" WIDTH="2062.0" HEIGHT="130.0" />
          </TextLine>
          <TextLine ID="eSc_line_d17556a6" TAGREFS="LT76" BASELINE="530 2450 2545 2418" HPOS="524.0" VPOS="2366.0" WIDTH="2018.0" HEIGHT="112.0">
            <Shape><Polygon POINTS="527 2447 527 2470 951 2464 1058 2478 1075 2464 1156 2476 1268 2458 1381 2473 1542 2458 1637 2453 1810 2467 1879 2450 1923 2464 2096 2447 2537 2447 2542 2415 2534 2366 1790 2389 1450 2380 1432 2395 1144 2386 1063 2401 1035 2401 896 2389 873 2404 570 2395 524 2409 527 2447" /></Shape>
	    <String CONTENT="blème de l'oppression, et il donna aux patriciens ce so¬" HPOS="524.0" VPOS="2366.0" WIDTH="2018.0" HEIGHT="112.0" />
          </TextLine>
          <TextLine ID="eSc_line_b958ab70" TAGREFS="LT76" BASELINE="521 2539 2583 2507" HPOS="516.0" VPOS="2453.0" WIDTH="2064.0" HEIGHT="123.0">
            <Shape><Polygon POINTS="518 2536 518 2559 683 2576 689 2576 726 2556 755 2556 928 2571 1251 2562 1271 2548 1381 2565 1510 2548 1623 2562 1721 2545 1827 2559 2580 2530 2580 2504 2574 2467 2372 2453 2346 2470 2326 2470 2191 2455 2000 2476 1626 2464 1571 2481 1447 2467 1447 2470 1430 2484 1349 2470 1231 2487 1069 2473 1003 2484 974 2493 516 2493 518 2536" /></Shape>
	    <String CONTENT="briquet de Leliaerts ( gens des fleurs de lys ) qu'ils ne devaient" HPOS="516.0" VPOS="2453.0" WIDTH="2064.0" HEIGHT="123.0" />
          </TextLine>
          <TextLine ID="eSc_line_3e5cc6b1" TAGREFS="LT76" BASELINE="530 2637 2577 2594" HPOS="524.0" VPOS="2545.0" WIDTH="2050.0" HEIGHT="129.0">
            <Shape><Polygon POINTS="527 2634 527 2672 689 2654 778 2669 798 2669 850 2651 885 2674 1006 2672 1075 2646 1251 2654 1372 2640 1409 2663 1421 2663 1504 2637 1611 2660 1801 2637 1850 2654 1937 2637 1966 2651 2150 2649 2173 2623 2219 2646 2364 2620 2571 2628 2574 2591 2565 2545 524 2585 527 2634" /></Shape>
	    <String CONTENT="plus cesser de porter. L'influence française qui jusqu'alors s'é¬" HPOS="524.0" VPOS="2545.0" WIDTH="2050.0" HEIGHT="129.0" />
          </TextLine>
          <TextLine ID="eSc_line_cc1af264" TAGREFS="LT76" BASELINE="524 2721 2565 2677" HPOS="518.0" VPOS="2637.0" WIDTH="2045.0" HEIGHT="115.0">
            <Shape><Polygon POINTS="521 2718 521 2749 795 2735 885 2747 922 2752 925 2752 974 2747 1086 2729 1167 2744 1196 2747 1199 2747 1202 2747 1213 2741 1251 2726 1314 2741 1334 2744 1337 2744 1415 2738 1672 2718 1726 2732 1729 2732 1732 2732 1735 2732 1738 2732 1761 2715 1813 2732 1816 2732 1819 2732 1822 2732 1848 2732 2061 2712 2104 2726 2107 2726 2110 2726 2136 2726 2476 2706 2557 2718 2563 2674 2554 2637 518 2674 521 2718" /></Shape>
	    <String CONTENT="tait si largement infiltrée dans la civilisation flamande" HPOS="518.0" VPOS="2637.0" WIDTH="2045.0" HEIGHT="115.0" WC="0.9943054203401532" />
          </TextLine>
          <TextLine ID="eSc_line_47d23e86" TAGREFS="LT76" BASELINE="533 2804 2551 2770" HPOS="527.0" VPOS="2729.0" WIDTH="2021.0" HEIGHT="107.0">
            <Shape><Polygon POINTS="530 2801 530 2821 674 2836 677 2836 1104 2816 1202 2813 1239 2816 1363 2824 1366 2824 1487 2813 1542 2807 1585 2810 1669 2819 1672 2819 2548 2798 2548 2767 2540 2729 527 2758 530 2801" /></Shape>
	    <String CONTENT="&lt;..............&gt; vit depuis lors se dresser contre elle l'hosti¬" HPOS="527.0" VPOS="2729.0" WIDTH="2021.0" HEIGHT="107.0" />
          </TextLine>
          <TextLine ID="eSc_line_deaa73da" TAGREFS="LT76" BASELINE="539 2894 2557 2853" HPOS="533.0" VPOS="2798.0" WIDTH="2021.0" HEIGHT="130.0">
            <Shape><Polygon POINTS="536 2891 536 2914 680 2928 896 2908 1060 2919 1115 2902 1179 2917 1274 2899 1507 2911 1571 2896 1905 2902 1977 2885 1995 2894 2018 2899 2554 2882 2554 2850 2545 2801 2387 2813 2263 2798 2110 2819 1830 2807 1683 2827 1536 2816 1528 2816 1507 2830 1150 2821 1107 2839 991 2824 830 2845 591 2833 533 2850 536 2891" /></Shape>
	    <String CONTENT="lité populaire. Sous l'action de la lutte que se livraient" HPOS="533.0" VPOS="2798.0" WIDTH="2021.0" HEIGHT="130.0" WC="0.9834890961647034" />
          </TextLine>
          <TextLine ID="eSc_line_781704d0" TAGREFS="LT76" BASELINE="527 2986 1167 2966 2534 2954" HPOS="521.0" VPOS="2899.0" WIDTH="2010.0" HEIGHT="116.0">
            <Shape><Polygon POINTS="524 2983 524 3003 671 3015 853 2997 908 3012 1300 2992 1352 3006 1441 2989 1657 3003 1744 2986 1830 2997 1928 2997 2142 2980 2361 2994 2381 2977 2528 2992 2531 2951 2525 2914 2413 2899 2257 2914 2234 2899 2225 2899 2049 2917 1946 2902 1891 2919 1735 2905 1548 2922 1432 2908 1308 2925 1219 2911 1084 2928 1081 2931 804 2931 766 2917 758 2917 706 2934 691 2934 596 2919 521 2934 524 2983" /></Shape>
	    <String CONTENT="dans l'enceinte des villes, le parti des riches et le parti des" HPOS="521.0" VPOS="2899.0" WIDTH="2010.0" HEIGHT="116.0" />
          </TextLine>
          <TextLine ID="eSc_line_675951e5" TAGREFS="LT77" BASELINE="1752 3002 2114 3002" HPOS="1750.0" VPOS="2968.0" WIDTH="363.0" HEIGHT="70.0">
            <Shape><Polygon POINTS="1750 3000 1750 3023 1934 3038 1937 3038 1940 3038 1943 3038 1943 3035 1957 3020 2113 3017 2113 3000 2113 2968 1750 2968 1750 3000" /></Shape>
	    <String CONTENT="chez ce dernier" HPOS="1750.0" VPOS="2968.0" WIDTH="363.0" HEIGHT="70.0" />
          </TextLine>
          <TextLine ID="eSc_line_ad1113c3" TAGREFS="LT76" BASELINE="524 3084 1147 3055 2531 3046" HPOS="518.0" VPOS="3000.0" WIDTH="2010.0" HEIGHT="113.0">
            <Shape><Polygon POINTS="2104 3003 1412 3000 518 3026 521 3113 815 3101 833 3087 1153 3104 1196 3081 1233 3104 1355 3104 1355 3101 1409 3078 1767 3095 1902 3072 2098 3072 2119 3090 2133 3090 2165 3069 2202 3081 2318 3066 2522 3084 2528 3043 2522 3003 2104 3000 2104 3003" /></Shape>
	    <String CONTENT="pauvres, se dégagea rapidement une sorte de conscience" HPOS="518.0" VPOS="3000.0" WIDTH="2010.0" HEIGHT="113.0" />
          </TextLine>
          <TextLine ID="eSc_line_5f1bc158" TAGREFS="LT76" BASELINE="518 3179 1588 3136 2551 3127" HPOS="513.0" VPOS="3064.0" WIDTH="2035.0" HEIGHT="135.0">
            <Shape><Polygon POINTS="516 3176 516 3199 951 3199 951 3196 954 3196 957 3196 968 3188 986 3179 1011 3188 1032 3193 1035 3193 1037 3193 1040 3193 1043 3193 1052 3188 1069 3176 1179 3185 1213 3185 1216 3185 1219 3185 1231 3182 1282 3170 1346 3179 1383 3185 1386 3185 1432 3179 1519 3164 1620 3173 1623 3173 1626 3173 1637 3173 2049 3150 2545 3153 2548 3124 2542 3078 2473 3064 2470 3064 2364 3081 2358 3081 2349 3081 2156 3072 2153 3072 1937 3092 1920 3092 1897 3092 1597 3087 1594 3087 513 3127 516 3176" /></Shape>
	    <String CONTENT="nationale. Le « commun » prit comme emblème la ban¬" HPOS="513.0" VPOS="3064.0" WIDTH="2035.0" HEIGHT="135.0" />
          </TextLine>
          <TextLine ID="eSc_line_7cb1ef11" TAGREFS="LT76" BASELINE="518 3260 1804 3225 2537 3219" HPOS="513.0" VPOS="3156.0" WIDTH="2021.0" HEIGHT="132.0">
            <Shape><Polygon POINTS="516 3257 516 3288 1432 3260 1810 3268 1848 3251 2015 3260 2078 3245 2194 3260 2234 3242 2528 3248 2534 3216 2525 3167 2395 3173 2329 3156 2078 3179 2018 3182 1931 3167 1874 3185 1784 3170 1726 3188 1703 3188 1574 3173 1493 3196 1274 3199 1173 3182 1164 3182 1150 3199 1121 3185 1109 3185 1081 3202 766 3190 735 3211 660 3199 513 3216 516 3257" /></Shape>
	    <String CONTENT="nière comtale. Les Clauwaerts(1) s'opposèrent aux Leliaerts" HPOS="513.0" VPOS="3156.0" WIDTH="2021.0" HEIGHT="132.0" />
          </TextLine>
        </TextBlock>
        <TextBlock HPOS="486.0" VPOS="3297.0" WIDTH="2129.0" HEIGHT="152.0" ID="eSc_textblock_255a59d0" TAGREFS="BT136">
          <Shape><Polygon POINTS="486 3341 486 3449 2384 3449 2615 3449 2603 3297" /></Shape>
          <TextLine ID="eSc_line_fe6022ed" TAGREFS="LT76" BASELINE="510 3407 660 3386 1303 3363 2407 3346" HPOS="504.0" VPOS="3306.0" WIDTH="1900.0" HEIGHT="132.0">
            <Shape><Polygon POINTS="2378 3306 2349 3309 1311 3317 1251 3320 1228 3329 1069 3320 1023 3320 1023 3323 761 3340 628 3329 504 3346 507 3438 755 3421 772 3407 1020 3427 1282 3395 1522 3404 1553 3389 1582 3412 1591 3415 1666 3415 1666 3412 1799 3384 1966 3404 1966 3401 1986 3384 2170 3395 2263 3375 2286 3395 2294 3395 2404 3372 2404 3343 2395 3306 2378 3306" /></Shape>
	    <String CONTENT="(1) Gens de la griffe, à cause des griffes du lion de Flandre." HPOS="504.0" VPOS="3306.0" WIDTH="1900.0" HEIGHT="132.0" />
          </TextLine>
        </TextBlock>
      </PrintSpace>
    </Page>
  </Layout>
</alto>