2713 3512
2490.0 20.0 146.0 102.0 180

521.0 61.0 2115.0 114.0 en agissant contre elles après les avoir soutenues un instant

521.0 175.0 2124.0 97.0 les empêchèrent d'arriver à l'autonomie politique à laquelle elles

527.0 254.0 2080.0 105.0 tendaient. Malgré l'héroïsme qu'elles déployèrent, les princes restèrent

544.0 342.0 1644.0 111.0 <....................................>

2226.0 359.0 366.0 77.0 partout les

2232.0 421.0 381.0 79.0 plus forts. On

547.0 471.0 2113.0 114.0 peut même se demander si les comtes de Flandre, <....> réduit

542.0 556.0 2094.0 125.0 à lutter avec leurs propres forces n'eussent pas réussi à l'emporter.

530.0 649.0 2098.0 106.0 Il ne faut pas oublier, en effet, que l'exclusivisme municipal non seu¬

527.0 734.0 2089.0 100.0 lement ne permit pas dux villes <..> d'unir leurs efforts, mais souleva

524.0 807.0 2101.0 117.0 contre elles la résistance de tous les intérêts qu'il<.> menaçait<...>. La

524.0 892.0 2095.0 114.0 noblesse et le clergé <.......> s'allièrent au seigneur pour résister

673.0 957.0 138.0 58.0 aux

533.0 989.0 2112.0 111.0 <.....> empiètements des bourgeoisies. <......................>

542.0 1077.0 2071.0 108.0 <................................> La cause des villes

521.0 1170.0 2083.0 111.0 n'était au fond que la cause d'un groupe de privilégiés dont

524.0 1255.0 2086.0 108.0 la victoire eut amené la suprématie écrasante et eût

521.0 1337.0 2089.0 123.0 lésé tout le monde en dehors de lui. Le particularisme urbain

826.0 1413.0 299.0 62.0 heurter à

527.0 1439.0 2127.0 132.0 vint se <........> d'autres particularismes. Il fut impuis¬

533.0 1527.0 2056.0 123.0 sant à briser le cadre de l'État territorial et bon gré mal

544.0 1630.0 1826.0 123.0 gré contraint de se contenter d'y remplir une place.

574.0 1715.0 2065.0 120.0 <...............> Mais cette place il réussit du moins

1760.0 1796.0 185.0 71.0 d'après

536.0 1808.0 2112.0 108.0 à la mettre au premier rang. Si, <....> la hiérarchie sociale, le

536.0 1881.0 2127.0 147.0 tiers état cède le pas au clergé et à la noblesse, en fait, dans toutes

521.0 1966.0 2074.0 135.0 les principautés des Pays-Bas, il les éclipse l'une et l'autre

530.0 2072.0 2095.0 108.0 par l'ascendant qu'il exerce sur le gouvernement territorial.

530.0 2142.0 2100.0 140.0 En Flandre, en Brabant, en Hollande, dans le pays de Liège, <......>

530.0 2244.0 2106.0 123.0 son influence aux Parlements, aux journées d'États l'importe

521.0 2332.0 2112.0 155.0 infiniment sur celle des deux autres ordres. Les privilèges gé¬

521.0 2426.0 2127.0 137.0 néraux octroyés aux divers pays réservent aux villes une si¬

539.0 2499.0 2127.0 164.0 tuation prépondérante. En Brabant, la charte de Cortenberg (1312)

539.0 2595.0 2118.0 147.0 institue, à côté du duc, un conseil de gouvernement où, à côté

544.0 2692.0 2072.0 138.0 de quatre chevaliers siègent dix représentants des villes.

542.0 2777.0 2109.0 158.0 Dans le pays de Liège, le tribunal des XXII, organisé en 1373 pour

542.0 2882.0 2071.0 147.0 surveiller tous les fonctionnaires épiscopaux comprend

553.0 2967.0 2057.0 173.0 quatre chanoines, quatre nobles et quatorze bourgeois. En

539.0 3061.0 2059.0 143.0 Flandre, l'élément urbain l'emporte davantage encore

539.0 3166.0 2112.0 129.0 dans la constitution du comté. Les trois grandes villes, Gand

536.0 3245.0 2144.0 149.0 Bruges et Ypres s'arrogent le droit de représenter tout le pays

530.0 3339.0 2065.0 129.0 et, sous le nom de « trois membres de Flandre » usurpent à
