2713 3361
2584.0 5.0 78.0 76.0 2

737.0 53.0 1917.0 134.0 y avait éte établi et qui n'y revint qu'au XIIe

709.0 184.0 322.0 90.0 siècle.

717.0 260.0 1984.0 134.0 Ainsi à de très rares exceptions près, les villes bel¬

846.0 361.0 535.0 87.0 et hollandaises de nos jours

742.0 392.0 1951.0 120.0 ges sont filles du Moyen âge. On chercherait vai

728.0 470.0 1931.0 151.0 nement, avant cette période, les noms de la

723.0 607.0 1981.0 126.0 plupart d'ente elles - et il n'y a rien d'étonnant

706.0 708.0 2005.0 143.0 à cela. Situées, en effet à l'extremité septentrio¬

697.0 803.0 1985.0 143.0 nal de l'Empire et touchant au monde bar¬

711.0 901.0 1976.0 149.0 bare, <... ..... .. ...... ....... .. ..>

711.0 997.0 1959.0 156.0 <........> les bassins d l'Escaut et de

723.0 1111.0 1931.0 143.0 la Meuse se trouvaient à l'écart des grandes

697.0 1221.0 1976.0 131.0 voies commerciales et par cela même peu accessibles

1575.0 1305.0 235.0 67.0 suscite

703.0 1310.0 1979.0 152.0 a la vie urbaine que <........> et entretient<...> le

692.0 1417.0 2001.0 154.0 trafic.<........ .....> Une seule grande chaus¬

700.0 1523.0 1973.0 154.0 sée les traversait courant de l'Est a l'Ouest, de

700.0 1621.0 1982.0 163.0 Cologne a Boulogne. Ses embranchements vers le

695.0 1730.0 1998.0 154.0 Sud servaient à exporter les <........> viandes

695.0 1845.0 2014.0 151.0 fumées du pays, qui jouissaient d'une certai¬

683.0 1952.0 1959.0 137.0 ne reputation, et les tissus de laine fabriqués

692.0 2078.0 1693.0 126.0 par les paysans morins et ménapiens.

717.0 2170.0 1981.0 151.0 La conquête franque ravagea les provinces de Bel¬

700.0 2277.0 1968.0 156.0 gique seconde et de Germaine inférieure, mais elle

686.0 2389.0 2015.0 145.0 modifia en même temps, du tout au tout, <...>

686.0 2501.0 1982.0 148.0 les conditions qui avaient déterminé jusqu'alors

683.0 2596.0 1999.0 168.0 leur développement historique. A partir, en effet,

678.0 2697.0 2018.0 171.0 de l'établissement du Regnum Francorum, le Rhin

669.0 2814.0 2029.0 154.0 cessa de constituer le frontière de l'Europe civilisée.

675.0 2924.0 2007.0 165.0 Les peuples germaniques se trouvèrent réunis aux peuples

669.0 3022.0 2007.0 162.0 romans dans la communauté d'une même civili¬

647.0 3117.0 2035.0 165.0 sation, <... .. ......... ....> et la Belgique, au
