2713 3514
2461.0 20.0 143.0 117.0 157

489.0 96.0 2147.0 126.0 certains pamphlets politiques, <..> dans quelques œuvres lit¬

498.0 196.0 2124.0 123.0 téraires; il est tout à fait certain en revanche que

2475.0 289.0 91.0 74.0 eu

503.0 295.0 2136.0 117.0 tout au moins dans les Pays-Bas, elles n'ont pas <......>

500.0 386.0 2169.0 120.0 la moindre action sur le « commun ». Exclusivement

503.0 483.0 2151.0 120.0 adonné à la vie pratique, le peuple des villes demeura <...>

562.0 547.0 144.0 82.0 aussi

512.0 585.0 2159.0 117.0 <....> étranger aux spéculations de l'école, que le clergé l'était

498.0 676.0 2135.0 91.0 aux soucis du commerce et de l'industrie. Avant le

512.0 767.0 2151.0 126.0 XVe siècle, aucun des démagogues ou des politiciens <...>

506.0 881.0 2151.0 99.0 qu'il produisit en si grand nombre ne nous apparaît com¬

498.0 969.0 2182.0 123.0 me un homme instruit; beaucoup d'entre eux, semblent

506.0 1095.0 2151.0 90.0 même avoir été complètement illettrés. Le mysticisme

512.0 1180.0 2148.0 102.0 des Franciscains et des Lollards avec son exaltation de la

515.0 1282.0 2156.0 108.0 pauvreté et sa condamnation de la richesse a <.......>

506.0 1402.0 2160.0 85.0 contribué <.......>, dans une certaine mesure, à l'ardeur

500.0 1490.0 2142.0 129.0 de leurs convictions. Mais, <.......> à y regarder de près, on

509.0 1598.0 2139.0 120.0 aperçoit que <..........................> leur conduite

506.0 1692.0 2136.0 144.0 s'explique essentiellement par le conflit des intérêts et qu'ils

506.0 1812.0 2127.0 120.0 ne sont, en somme, que les représentants d'une classe so¬

512.0 1909.0 2142.0 123.0 ciale <.................> dont les tendances déterminent leur

515.0 2014.0 2145.0 123.0 programme. Tous, sans doute, ne sortent point des rangs

512.0 2114.0 2151.0 123.0 du bas peuple ou des artisans. On trouve parmi eux bon nom¬

521.0 2222.0 2133.0 117.0 bre de gens riches, de patriciens, voire même de membres de

500.0 2310.0 2151.0 141.0 la petite noblesse. Qu'il nous suffise de rappeler ici que Henri

527.0 2424.0 2139.0 114.0 de Dinant appartenait à une des familles les plus influentes

527.0 2521.0 2071.0 120.0 de Liège et que Philippe Van Artevelde sortait de la haute

512.0 2617.0 2142.0 150.0 bourgeoisie gantoise. On ne peut douter que l'ambition per¬

521.0 2729.0 2130.0 134.0 sonnelle ou des rancunes <............> privées n'aient sou¬

515.0 2822.0 2159.0 129.0 vent amené au parti populaire des <......> auxiliaires inat¬

521.0 2919.0 2109.0 120.0 tendus. Mais ils n'ont pu conserver leur ascendant sur lui

530.0 3010.0 2118.0 123.0 que dans la mesure où ils se sont identifiés avec ses besoins et

527.0 3098.0 510.0 85.0 ses tendances.

550.0 3188.0 2136.0 115.0 L'action des individus sur le développement du mouvement

530.0 3294.0 2127.0 135.0 démocratique urbain a d'ailleurs été très faible, et il n'en
