2713 3495
2497.0 29.0 109.0 90.0 162

492.0 49.0 2159.0 119.0 pas aussi généreuse et qu'elle <...> impose, comme condi¬

492.0 163.0 2153.0 87.0 tion préliminaire du droit au travail, <.................>

2007.0 238.0 574.0 79.0 l'acquisition de

486.0 262.0 2189.0 119.0 la bourgeoisie. <......> Plus on avance, et plus on la voit pro¬

495.0 366.0 2081.0 102.0 diguer les mesures restrictives. Il en est, en somme, de

495.0 480.0 2142.0 90.0 chaque métier comme il en avait été antérieurement

489.0 567.0 2156.0 99.0 du patriciat. Les avantages dont il jouit le portent invin¬

477.0 675.0 2160.0 108.0 -ciblement à ne les réserver qu'à ses ayants-droit, à se <......>

492.0 768.0 2139.0 117.0 <.....> confiner dans le privilège et à ne s'inspirer que de

492.0 882.0 1169.0 111.0 la maxime beati possidentes.

521.0 972.0 2136.0 111.0 <.................................................>

489.0 1077.0 2154.0 111.0 <...................> Mais l'égoïsme dont il fait preuve à

492.0 1170.0 2156.0 114.0 l'égard des gens du dehors a sa contre partie dans sa solli¬

495.0 1258.0 2121.0 134.0 citude qu'il témoigne à ses membres. Il n'épargne rien

498.0 1371.0 2130.0 111.0 pour assurer et pour améliorer leur condition. Il organise

492.0 1464.0 2136.0 108.0 <.........> des institutions d'assistance et de secours mu¬

480.0 1543.0 2145.0 131.0 tuels. <.....> Si ses ressources le lui permettent, il fonde son

489.0 1645.0 2162.0 131.0 hospice pour les vieillards et <...........> bâtit une cha¬

495.0 1750.0 2142.0 140.0 pelle ou en acquiert une dans quelque église. <...........>

492.0 1846.0 2168.0 151.0 <..........................................> Au décès d'un confrère,

495.0 1954.0 2168.0 148.0 il assiste en corps à ses funérailles et subvient à l'existence de

2476.0 2076.0 79.0 73.0 et

486.0 2047.0 2130.0 143.0 la veuve et des orphelins. L'esprit de charité chrétienne, de

486.0 2137.0 2127.0 155.0 solidarité, <.........> qui l'anime donne un spectacle

495.0 2236.0 2162.0 160.0 vraiment admirable <......> Il réalise à sa manière le beau

507.0 2350.0 2101.0 157.0 principe des gildes primitives: unus subveniat alteri

501.0 2443.0 2177.0 181.0 tanquam fratri suo, que l'un aide l'autre comme un frère.

512.0 2557.0 2163.0 166.0 Et ce principe que la pratique du commerce et la différentiation

495.0 2650.0 2162.0 151.0 rapide des fortunes a bientôt rendu lettre morte dans les

751.0 2726.0 292.0 78.0 demeure

509.0 2758.0 2145.0 151.0 gildes <.....> chez lui une réalité vivante. Car, dans le cer¬

512.0 2845.0 2145.0 169.0 cle étroit de la profession où il est confiné, il peut mainte¬

507.0 2959.0 2121.0 154.0 nir et il maintient l'égalité de tous. Il ne permet pas à

501.0 3066.0 2156.0 137.0 un maître d'agir au détriment des autres maîtres, de leur

504.0 3177.0 2141.0 149.0 enlever leurs clients, de perfectionner sa technique ou d'aug¬

507.0 3282.0 2159.0 146.0 menter, à  leur préjudice, le nombre de ses compagnons ou
