2713 3452
2477.0 31.0 132.0 78.0 198

963.0 20.0 334.0 83.0 au Moyen Âge

537.0 71.0 2063.0 107.0 avait été réglementée, surveillée, soustraite à la

540.0 175.0 2129.0 101.0 libre concurrence et <.........> répartie en des cadres locaux

549.0 253.0 2066.0 118.0 et des groupements professionnels protégés les uns contre les

552.0 365.0 2086.0 92.0 autres, autant elle s'épanche maintenant dédaigneuse

1357.0 425.0 84.0 69.0 et

546.0 471.0 2118.0 81.0 des entraves anciennes, des usages séculaires, <.............>

537.0 555.0 2101.0 95.0 <...........................................>

546.0 658.0 2106.0 81.0 <......> illimitée, impitoyable et sans scrupules. Le caractère

526.0 733.0 2135.0 92.0 libéral et capitaliste qu'elle communique au commerce anver¬

552.0 822.0 2123.0 92.0 sois rayonne nécessairement au dehors et sous son influence

1734.0 883.0 426.0 72.0 l'industrie

546.0 914.0 2089.0 95.0 on voit se modifier bientôt <.....................> des

546.0 1003.0 363.0 95.0 Pays-Bas.

2341.0 1044.0 277.0 69.0 d'Anvers

555.0 1098.0 2083.0 95.0 Dès le commencement du XVIe siècle, c'est le marché <......>.

1855.0 1176.0 236.0 69.0 de ses

555.0 1202.0 2106.0 106.0 qui absorbe la plus grande partie <...........> produits. C'est

540.0 1303.0 2126.0 100.0 de lui qu'elle reçoit les commandes; <..........................>

535.0 1395.0 2097.0 97.0 c'est lui qui, de plus en plus, est la garantie de sa prospérité.

540.0 1472.0 2109.0 110.0 Les marchés locaux sont abandonnés. Bruges, restée fidèle à

2088.0 1536.0 230.0 72.0 proteste

543.0 1570.0 2086.0 95.0 sa <.........> vieille législation surannée <.......> vaine¬

540.0 1656.0 2118.0 95.0 ment contre la violation flagrante de son droit d'étape.

549.0 1746.0 2120.0 97.0 Le vide se fait dans son port. <.......................>

540.0 1846.0 2144.0 87.0 <....> Plus elle prétend y retenir les marchands plus ils s'en

543.0 1930.0 2123.0 95.0 éloignent et plus ils se dirigent vers sa jeune concurrente ac¬

546.0 2019.0 2129.0 83.0 cueillante à tous et où le principe de la liberté commerciale

546.0 2102.0 2100.0 115.0 l'a emporté sur celui du privilège et du monopole. <.....>

552.0 2206.0 2103.0 98.0 <.....> Les métiers urbains cherchent vainement, de leur

543.0 2318.0 2141.0 95.0 côté à lutter contre une situation devant laquelle ils se trou

537.0 2410.0 2132.0 92.0 vent aussi impuissants que les milices communales le sont

540.0 2505.0 2149.0 101.0 devenues en face des armées régulières. D'année en année leur

1651.0 2571.0 178.0 72.0 villes

546.0 2586.0 2123.0 120.0 décadence s'accentue. Les <........> flamandes et braban¬

549.0 2701.0 2123.0 95.0 çonnes ont vainement obtenu des ducs de Bourgogne la pro¬

549.0 2775.0 2109.0 130.0 hibition des étoffes anglaises: <..............................>

1795.0 2868.0 172.0 66.0 ouvre

549.0 2888.0 2123.0 106.0 <...>  le bon marché de celles-ci leur <.....> malgré tout l'entrée

549.0 2985.0 2086.0 113.0 du pays et c'est par milliers que les kerseyes se déversent

558.0 3078.0 2111.0 112.0 chaque année sur les quais d'Anvers, <..........> cepen¬

558.0 3152.0 2120.0 133.0 dant que la ruine s'abat sur la draperie urbaine. En 1545,

566.0 3259.0 2100.0 129.0 à Ypres, "la négociation de la draperie est tellement dé
