2713 3498
2561.0 40.0 84.0 137.0 90

627.0 43.0 1916.0 126.0 l'existence de celui qui les a fabriqués. L'échange

618.0 154.0 2016.0 96.0 direct dans lequel on se plaît trop souvent à re¬

621.0 262.0 2039.0 79.0 connaître le caractère essentiel de l'économie ur¬

612.0 346.0 2042.0 97.0 -baine se rencontre donc que dans une partie

621.0 434.0 2039.0 102.0 de celle-ci. A côté de lui, il faut faire sa place, et une

612.0 515.0 2039.0 111.0 large place, à cette forme d'échange bien plus compli¬

641.0 615.0 2004.0 102.0 quée qui nécessite l'intervention du capital. Bref,

615.0 705.0 2019.0 111.0 les traits par lesquels on a coutume de caractériser

612.0 798.0 2019.0 120.0 l'industrie du Moyen âge ne s'appliquent point

618.0 900.0 2016.0 114.0 aux ouvriers des industries d'exportation. Em¬

635.0 996.0 1987.0 114.0 piétant en quelque sorte sur l'avenir, ils nous

641.0 1098.0 1999.0 97.0 montrent déjà au XIIIe siècle, le spectacle que l'in¬

630.0 1206.0 1980.0 97.0 dustrie à domicile a généralisé dans toute

627.0 1303.0 2013.0 107.0 l'Europe après la Renaissance. Si on a pu s'y trom¬

633.0 1407.0 1986.0 102.0 per, c'est que les industries d'exportation, nous

641.0 1509.0 1969.0 100.0 l'avons déjà dit, ne se rencontrent que dans un

641.0 1603.0 2019.0 119.0 nombre assez restreint de villes. Pour qu'elles aient

638.0 1702.0 2019.0 137.0 pu se développer, en effet, il a fallu un ensemble

647.0 1818.0 2004.0 108.0 de circonstances qui, à tout prendre, sont assez

1166.0 1874.0 254.0 79.0 grâce à

638.0 1903.0 2031.0 117.0 rares. C'est <.......> l'abondance de la matière pre¬

1204.0 1964.0 161.0 70.0 aux

638.0 1990.0 2042.0 126.0 mière, <..........> avantages de leur situation géo¬

1368.0 2075.0 46.0 70.0 à

665.0 2087.0 2024.0 128.0 graphique <........> la possession traditionnelle d'une

650.0 2197.0 1995.0 108.0 technique supérieure que certains centres urbains

644.0 2267.0 2028.0 161.0 ont pu, dès l'origine, fabriquer des produits <....>

627.0 2372.0 2039.0 137.0 <........................................> aisé¬

1409.0 2445.0 212.0 76.0 auxquels

644.0 2477.0 2028.0 120.0 ment exportables et <...> leur qualité supérieure va¬

650.0 2550.0 2016.0 146.0 lut une diffusion extraordinaire malgré les entraves

647.0 2649.0 1984.0 134.0 du protectionnisme municipal. <..> Il en alla ainsi

656.0 2728.0 2007.0 160.0 dans cette région de fleuves et de ports qu'est la Belgi¬

673.0 2842.0 2013.0 131.0 que, pour les cuivres dinantais et les draps flamands

653.0 2926.0 2013.0 137.0 et brabançons. De très bonne heure, les uns et les autres

665.0 3037.0 2001.0 119.0 figurent dans le commerce européen à côté des blés

668.0 3121.0 1980.0 132.0 du Nord et des vins de France ou des vins du Rhin. C'est

665.0 3218.0 1931.0 125.0 là une situation exceptionnelle sans doute, moins

679.0 3320.0 1984.0 143.0 c'est là aussi une situation fort ancienne. Elle est
