2713 3446
2471.0 11.0 158.0 118.0 230

569.0 25.0 1505.0 138.0 <............................>

577.0 137.0 2090.0 109.0 Pour se défendre, les évêques durent nécessairement

511.0 232.0 2144.0 126.0 s'appuyer sur l'étranger. <....................>

517.0 341.0 2132.0 106.0 <...................................................>

520.0 433.0 2121.0 121.0 <.............................................>

523.0 542.0 2152.0 115.0 <........................................>

514.0 648.0 2150.0 112.0 <..........................................>

514.0 752.0 2155.0 106.0 <.....> Ils adoptèrent en face de la cité la conduite

520.0 855.0 2149.0 109.0 à laquelle les villes flamandes eurent recours contre

514.0 950.0 2098.0 124.0 les ducs de Bourgogne et les Habsbourg. La situation

514.0 1062.0 2155.0 106.0 dans le pays de Liège est donc exactement <........>

517.0 1171.0 2109.0 92.0 <.....> à l'inverse de celle que nous avons constatée

517.0 1266.0 2129.0 109.0 dans les Pays-Bas. Ici, le prince dispose d'immenses res¬

520.0 1366.0 2144.0 107.0 sources et le principe de l'hérédité légitime son pouvoir

523.0 1473.0 2129.0 94.0 aux yeux de ses sujets. Là, au contraire, non seulement

994.0 1533.0 598.0 80.0 possède que les

523.0 1565.0 2123.0 109.0 l'évêque ne <................> revenus de sa mense

1560.0 1633.0 287.0 84.0 préposé

520.0 1682.0 2121.0 78.0 épiscopale mais encore, <......> au pays en vertu de

523.0 1760.0 2164.0 115.0 considérations <..> politiques ou religieuses absolument in¬

523.0 1878.0 2152.0 77.0 dépendantes des intérêts locaux, aucun lien ne l'attache

520.0 1967.0 2101.0 112.0 à ses sujets. Souvent même ses intérêts de famille

514.0 2081.0 2173.0 95.0 ou les conditions mises à son élection lui impose une

511.0 2214.0 2153.0 74.0 conduite en opposition avec les intérêts de ceux-ci.

508.0 2288.0 2173.0 106.0 <............................................> Manifes¬

514.0 2394.0 2147.0 98.0 tement sans l'appui que lui prête tout d'abord la dy¬

517.0 2498.0 2127.0 100.0 nastie bourguignonne, puis les gouverneurs espagnols de

523.0 2601.0 2123.0 104.0 Bruxelles, il ne pourrait tenir tête à l'opposition com¬

511.0 2702.0 2124.0 106.0 munale. Mais par là même que ses droits princiers ne

523.0 2799.0 2121.0 101.0 subsistent que grâce à son alliance avec un souverain

523.0 2903.0 2098.0 117.0 suspect de méditer l'annexion du pays, ils inspirent au

528.0 3009.0 2133.0 103.0 peuple une défiance constante. <....................>

523.0 3118.0 2149.0 89.0 <..........> La cause du prince apparaît comme opposée

528.0 3199.0 2144.0 114.0 à la cause nationale et la politique monarchique se trouve

514.0 3285.0 2078.0 126.0 entravée de toutes manières dans son développement.
