2713 3411
73.0 144.0 43.0 171.0 2

190.0 139.0 398.0 153.0 Mai 1909

699.0 176.0 1831.0 122.0 Les anciennes démocraties  <....>

1228.0 272.0 526.0 123.0 des Pays-Bas

170.0 545.0 503.0 128.0 vol = 1148 lettres

227.0 696.0 341.0 128.0 4 = 3 vol

1072.0 477.0 1012.0 128.0 Chapitre Premier.

816.0 619.0 347.0 117.0 Bien que

742.0 682.0 1931.0 139.0 <.......> l'un des caractères les plus sail¬

1461.0 588.0 210.0 142.0 I

1111.0 773.0 288.0 76.0 Pays Bas

665.0 805.0 2002.0 135.0 lants des <........> réside dans le grand

639.0 935.0 2017.0 111.0 nombre et <...> villes et <.....> à toutes les épo

1097.0 903.0 151.0 63.0 leurs

1612.0 903.0 253.0 80.0 bien que

648.0 1043.0 1991.0 125.0 ques de <...> histoire la bourgeoisie y ait joué

966.0 1017.0 160.0 83.0 leur

1029.0 1122.0 310.0 51.0 prépondérant

1464.0 1114.0 466.0 82.0 <.......>

642.0 1159.0 1991.0 120.0 un rôle politique <........> la vie urbaine

645.0 1250.0 179.0 60.0 ne s'y

2090.0 1222.0 369.0 85.0 qu'assez.

639.0 1264.0 1985.0 123.0 <..> est pourtant développée <.......... .... .. ........>

631.0 1384.0 1120.0 105.0 <............> tardivement

1703.0 1372.0 933.0 117.0 La plupart des grand

619.0 1480.0 2020.0 111.0 villes de l'Italie, de la France, de l'Allemagne

2363.0 1563.0 182.0 82.0 sont

631.0 1600.0 1999.0 102.0 Rhénane, d l'Autriche danubienne <.....>

642.0 1679.0 694.0 71.0 antérieures à notre ère.

625.0 1702.0 2005.0 128.0 <........... l'époque Romaine>. Au contraire, ce n'est

634.0 1822.0 1985.0 116.0 qu'au commencement du Moyen âge qu'apparais¬

614.0 1904.0 2016.0 125.0 sent Liège, Louvain, Malines, Anvers, Bruxelles, Bru

1330 1995 186 69 Utrecht

2394.0 1972.0 94.0 74.0 Sqi

634.0 2023.0 1962.0 128.0 ges, Ypres, Gand, etc. Tongres seule jouissait sous

614.0 2126.0 2027.0 130.0 l'Empire de quelque importance. <..........>

625.0 2219.0 1988.0 123.0 Elle ne la devait d'ailleurs qu'à la situation

614.0 2325.0 2022.0 130.0 qu'elle occupait dans l'administration provin¬

608.0 2438.0 2042.0 140.0 ciale, et, lorsque celle-ci disparut <.... ......> lors

605.0 2561.0 2062.0 133.0 des invasions germaniques, elle perdit pour

608.0 2669.0 1979.0 128.0 toujours l'influence qu'elle avait pendant

608.0 2779.0 2050.0 134.0 quelque temps exercée, autour d'elle. Arlon et Na¬

600.0 2887.0 2027.0 126.0 mur n'étaient que des bourgades de second ordre.

1151.0 2873.0 464.0 57.0 à l'époque romaine

602.0 2984.0 2054.0 151.0 Tornai, plus considérable semble-t-il, fut si profon¬

602.0 3089.0 2062.0 145.0 dément atteint par la conquête franque qu'il fallut

608.0 3194.0 2036.0 143.0 transporter à Noyon <.........> le siège diocésien qui
