2713 3503
2421.0 8.0 154.0 120.0 151

622.0 70.0 1977.0 125.0 Que ces agitations aient été surtout de

534.0 186.0 2062.0 94.0 nature sociale, c'est ce dont il n'est pas permis de

528.0 271.0 2059.0 102.0 douter. Partout, en effet, où les tisserands s'emparent

531.0 376.0 2065.0 91.0 du pouvoir, on les voit tout d'abord traquer les riches

753.0 440.0 204.0 65.0 avec

534.0 469.0 2073.0 103.0 <..........> férocité. <........> Evidemment ils les con¬

525.0 572.0 2065.0 84.0 sidèrent comme leurs ennemis mortels et la cause

528.0 659.0 2024.0 91.0 de tous leurs maux. Mais la révolution sociale

543.0 756.0 2082.0 110.0 qu'ils souhaitaient était irréalisable constitu¬

528.0 852.0 2071.0 114.0 tion économique <..........> qu'ils voulaient renver¬

516.0 957.0 2094.0 96.0 ser ne reposait pas seulement sur les villes <....>

511.0 1045.0 2085.0 105.0 <...>. Pour la détruire, il eût fallu <........> bouleverser

525.0 1129.0 2082.0 108.0 de fond en comble toute l'organisation commerciale

516.0 1231.0 2088.0 105.0 et industrielle de l'Europe. D'ailleurs, dans les villes

513.0 1336.0 2103.0 103.0 mêmes <.........> le radicalisme des tisserands

522.0 1439.0 2085.0 105.0 rencontrait la résistance de tous les intérêts di¬

519.0 1541.0 2088.0 114.0 vergents, canalisés contre lui. Presque toujours les petits

528.0 1637.0 2062.0 143.0 métiers prennent fait et cause contre eux. Le prince

525.0 1742.0 2082.0 132.0 leur est invariablement hostile et la noblesse, ja¬

522.0 1847.0 2094.0 140.0 dis indifférente à la politique urbaine, ne peut plus

513.0 1952.0 2106.0 132.0 s'abstenir devant un parti qui partout fait appel

969.0 2011.0 85.0 93.0 et

508.0 2049.0 2061.0 137.0 aux pauvres excite les paysans à la révolte. Enfin,

516.0 2160.0 2094.0 122.0 au sein même des ouvriers de la draperie <.......>

502.0 2265.0 2079.0 122.0 <.......> les foulons, dont les tisserands prétendent

516.0 2373.0 2068.0 108.0 fixer le salaire et réduire à la condition de clients

511.0 2478.0 2053.0 114.0 s'insurgent contre eux et quoique plus misérables

513.0 2574.0 2059.0 123.0 encore, soutiennent, pour <.....> échapper à leur do¬

502.0 2673.0 2062.0 138.0 mination, la cause des «  bonnes gens ». Le prolétariat

511.0 2784.0 2055.0 132.0 ouvrier n'est pas animé de l'esprit de classe. L'esprit

522.0 2887.0 2080.0 128.0 corporatif seul le dirige et achève de rendre impossible

508.0 2997.0 2088.0 129.0 une victoire pour laquelle l'union de tous, eût été

522.0 3105.0 1998.0 111.0 la première condition. <.......................>

519.0 3214.0 1983.0 125.0 <.....................................>

519.0 3307.0 2083.0 117.0 <...........................>. Mais s'ils ont échoué
