2713 3465
2519.0 49.0 130.0 83.0 63

548.0 63.0 2112.0 101.0 la Meuse venaient mêler leurs eaux à celles de l'Escaut

557.0 170.0 2101.0 98.0 et <...............> faisaient aboutir ainsi à

546.0 245.0 2129.0 115.0 la Flandre les navigateurs qui suivaient leur cours.(1)

551.0 340.0 2112.0 107.0 Destinée par la nature à devenir un rendez-vous de mar¬

1216.0 398.0 1453.0 72.0 sut profiter d'une situation si avanta¬

548.0 450.0 2118.0 78.0 chands la Flandre <...................................>

554.0 516.0 2054.0 116.0 geuse. A Messines, à Thourout, à Ypres, à Lille et à Douai

540.0 612.0 2106.0 109.0 s'organisèrent de grandes foires, placées sous la protection

543.0 710.0 2132.0 101.0 spéciale des comtes et où, dès le commencement du XIIe siècle

546.0 799.0 2117.0 93.0 au plus tard, des Italiens se trouvaient en contact les né¬

551.0 892.0 2107.0 101.0 gociant du Nord. La conquête de l'Angleterre par les Nor¬

537.0 990.0 2115.0 107.0 mands, en mettant en rapports continuels avec le conti¬

531.0 1091.0 2132.0 89.0 nent ce pays qui avait vécu jusqu'alors dans un isole¬

1138.0 1155.0 347.0 75.0 augmenta

525.0 1186.0 2144.0 101.0 ment relatif, <.......> encore à l'activité économique de la

540.0 1279.0 2123.0 98.0 région flamande. Entre ces deux estuaires s'ouvrant en face

537.0 1365.0 2132.0 98.0 l'un de l'autre, celui du Zwin et celui de la Tamise, l'inter¬

560.0 1466.0 2034.0 101.0 course désormais, devint permanent et plus intense

543.0 1550.0 2065.0 107.0 d'année en année. La grande île prend depuis cette époque

543.0 1648.0 2117.0 87.0 pour le commerce du comté, une importance qui ne ces¬

528.0 1729.0 2138.0 107.0 sera plus de croître jusqu'à la fin du Moyen Age. <..........>

560.0 1830.0 2100.0 98.0 Et on s'explique facilement qu'il en ait été ainsi quand

2317.0 1891.0 294.0 69.0 draperie

548.0 1914.0 2110.0 110.0 on remarque qu'elle fournissait la laine à la <........>

540.0 1995.0 442.0 104.0 flamande.

577.0 2093.0 2086.0 101.0 Car la Flandre n'est pas seulement une région commer¬

540.0 2191.0 2094.0 104.0 ciale. Elle est tout autant, et peut-être plus encore une

534.0 2281.0 2095.0 109.0 région industrielle, et c'est à quoi elle doit son originalité

531.0 2364.0 514.0 90.0 particulière.

580.0 2439.0 2066.0 119.0 De tout temps, les populations de la côte avaient con¬

534.0 2532.0 2152.0 121.0 fectionné des tissus de laine. Les nombreux moutons nour¬

525.0 2621.0 2127.0 113.0 ris dans les prés  salés qui s'allongent derrière la ligne des

742.0 2694.0 142.0 66.0 leur

537.0 2714.0 2109.0 98.0 senes <...> fournissaient en abondance la matière pre¬

511.0 2800.0 2152.0 127.0 mière. A l'époque romaine, les draps des Morins et des Mé¬

525.0 2907.0 2092.0 104.0 napiens avaient joui d'une certaine célébrité. <....>

522.0 2991.0 2150.0 115.0 <....> L'invasion franque ne mit pas fin à leur fabrica¬

551.0 3164.0 2023.0 130.0 (1) sur les conditions géographiques particulièrement

548.0 3236.0 1959.0 148.0 favorables du pays. Voy. R. Blanchard, La Flandre

548.0 3358.0 252.0 104.0 (19  )
