2713 3526
2513.0 32.0 88.0 56.0 76

561.0 55.0 2031.0 83.0 au sol vit en même temps sous l'autorité patriar¬

567.0 135.0 2072.0 94.0 chal d'un seigneur, le servage s'atténue et, dans les régions

579.0 208.0 2042.0 109.0 particulièrement  abondantes en villes, <.......> comme en

555.0 290.0 2075.0 106.0 Flandre, disparaît presque complètement au cours du

558.0 379.0 2087.0 99.0 XIIIe siècle. Les seigneurs eux-mêmes poussent à dispa¬

552.0 476.0 2096.0 96.0 rition. Car <.....> l'éveil des campagnes sous l'influence de

540.0 546.0 2102.0 103.0 la vie urbaine ne leur permet plus de maintenir intact

558.0 631.0 2122.0 100.0 un système domanial qui a fait son temps. La diminution

558.0 719.0 2113.0 103.0 de la valeur de l'argent, conséquence fatale de l'augmenta¬

564.0 816.0 2078.0 89.0 tion du stock monétaire dont l'importance augmente

567.0 893.0 2078.0 103.0 progressivement avec l'intensité croissante du com¬

555.0 978.0 2102.0 100.0 merce, diminue sans cesse la voleur des prestations fixes

555.0 1069.0 2119.0 103.0 et héréditaires qu'ils perçoivent de leurs hommes. La plus va¬

558.0 1157.0 2060.0 109.0 lue de la rente du sol ne profite qu'aux seuls paysans

549.0 1269.0 2116.0 91.0 Pour que les grands propriétaires puissent en ressentir à leur

549.0 1360.0 2099.0 91.0 tour les effets, il n'y a qu'un moyen : affranchir les serfs et leur

561.0 1430.0 2093.0 118.0 donner à bail les terres qu'ils ont si longtemps possédées, dans

561.0 1522.0 1296.0 111.0 la non-liberté, à titre héréditaire.

1437.0 1683.0 138.0 141.0 I I

1716.0 1751.0 185.0 79.0 mis

587.0 1798.0 2096.0 100.0 Ainsi, la ville en naissant a <......> nécessairement <.....>

1478.0 1880.0 100.0 59.0 en

561.0 1904.0 2113.0 102.0 le bourgeois et le paysan <...> rapports économiques l'un avec

558.0 2001.0 2107.0 88.0 l'autre. La campagne environnante est la nourricière

549.0 2092.0 2122.0 91.0 de la ville qui en occupe le centre. C'est un besoin primordial

561.0 2177.0 2078.0 91.0 pour l'administration urbaine que de veiller à ce que

549.0 2268.0 2096.0 97.0 <..............> la va et vient <.......> entre la ville

546.0 2350.0 2114.0 118.0 et le plat-pays soit aussi intense et aussi facile qu'il est

552.0 2438.0 2113.0 112.0 possible. De là, de très bonne heure — en Flandre dès la se¬

543.0 2535.0 2102.0 112.0 conde moitié du XIIe siècle - toute une série de travaux

540.0 2626.0 2111.0 118.0 publics : amélioration de chemins, rectification de

534.0 2726.0 2117.0 118.0 cours d'eau, établissement de marchés de semaine

537.0 2814.0 2079.0 103.0 (marchés du vendredi, etc.). Mais de là surtout une

543.0 2903.0 2134.0 120.0 législation très particulière en vue du ravitaillement

540.0 3002.0 450.0 97.0 de la ville.

534.0 3108.0 2114.0 103.0 <.................................................>

546.0 3208.0 2114.0 100.0 <.............................................>

532.0 3302.0 2104.0 100.0 <......................................................>
