2713 3484
2500.0 31.0 122.0 114.0 124

566.0 43.0 1917.0 116.0 noms, sans que jamais l'un d'eux soit écarté du

560.0 145.0 2094.0 110.0 gouvernement de la commune. Les titres seuls changent,

557.0 229.0 2051.0 96.0 et, en réalité, la ville se trouve abandonnée à l'adminis¬

560.0 316.0 2039.0 99.0 tration viagère de trente-neuf individus - l'on pourrait

560.0 412.0 2025.0 101.0 presque dire, à en juger par les plaintes qui s'élèvent contre

554.0 519.0 2086.0 79.0 eux et par la haine qu'ils soulèvent, de trente-neuf tyrans

557.0 589.0 2100.0 93.0 Tout au moins est-il certain qu'à la fin du XIIIe siècle, les

543.0 673.0 2123.0 99.0 abus qu'on leur reproche sont intolérables. Leur partialité

551.0 769.0 2101.0 101.0 est révoltante, on va jusqu'à les accuser de laisser impuné¬

551.0 850.0 2051.0 108.0 ment enlever par leurs parents les filles des riches bour¬

563.0 946.0 2048.0 122.0 geois et par leurs valets, celles des "moyennes gens". A l'é¬

572.0 1048.0 2059.0 116.0 gard les uns des autres, en revanche, ils <.........> n'est rien

563.0 1138.0 2054.0 113.0 qu'ils ne tolèrent. Ils laissent en fonctions des vieillards, des

551.0 1257.0 2118.0 78.0 malades et jusqu'à des lépreux, incapables de rendre le moindre

546.0 1344.0 1077.0 87.0 service à la chose publique.

2193.0 1379.0 142.0 87.0 abus

569.0 1440.0 2100.0 101.0 Sans doute, rien ne permet de croire que les <......> aient été

961.0 1515.0 346.0 55.0 aussi criants

572.0 1532.0 2077.0 96.0 partout <..............>. Il est sûr toutefois que les ten¬

566.0 1640.0 2054.0 84.0 dances oligarchiques l'emportent peu à peu dans toutes

563.0 1718.0 1993.0 87.0 les villes. L'impopularité du régime grandit d'année en

1246.0 1779.0 191.0 73.0 riches

563.0 1820.0 2091.0 87.0 année. Une foule de bourgeois, écartés des emplois commu¬

554.0 1890.0 2100.0 119.0 naux, traités orgueilleusement par les échevins régnants,

548.0 2003.0 2077.0 90.0 inquiets d'ailleurs des dangers que font courir à leurs

569.0 2078.0 2048.0 105.0 propres intérêts des magistrats irresponsables <.......>

572.0 2162.0 2033.0 108.0 <.........................................> ne demandent

566.0 2250.0 2109.0 119.0 qu'à secouer la domination qui pèse sur eux. Et si elle leur

1530.0 2319.0 1101.0 96.0 de quel poids écrasant doit-elle peser sur

551.0 2351.0 2063.0 108.0 semble lourde à porter, <...........................................>

609.0 2412.0 349.0 70.0 le commun!

560.0 2456.0 1200.0 93.0 <.................................>

583.0 2537.0 2060.0 125.0 Car c'est la masse des artisans qui souffre le plus de l'exclu¬

560.0 2633.0 2086.0 107.0 sivisme et de la partialité de l'échevinage. L'organisation

551.0 2717.0 2101.0 122.0 même de la police industrielle qui soumet perpétuellement

560.0 2807.0 2025.0 116.0 le travailleur à la surveillance du pouvoir municipal

566.0 2894.0 2086.0 125.0 <........................> lui assigne son métier, contrôle l'exer¬

569.0 2987.0 2071.0 134.0 cice de sa profession et règle ses prix de vente n'est supporta¬

560.0 3086.0 2057.0 136.0 -ble <..................> pour lui que <...........> s'il <....>

554.0 3179.0 2092.0 130.0 s'abandonne<.> avec confiance à la direction de ce pou¬

2071.0 3257.0 127.0 70.0 dans

566.0 3277.0 2083.0 128.0 voir.  Dès qu'il le suspecte, il <..........> plus son <.................>

1539.0 3350.0 174.0 90.0 ne voit
