2713 3520
2442.0 11.0 168.0 106.0 163

472.0 67.0 2158.0 123.0 de ses apprentis. L'intérêt collectif du groupe constitue

472.0 187.0 2117.0 100.0 ici d'ailleurs une barrière assez forte pour contenir la

481.0 278.0 2173.0 112.0 poussée de l'intérêt privé et de l'ambition personnelle. Bien

478.0 378.0 2173.0 120.0 rares sont ceux qui cherchent à échapper à la règle com¬

478.0 489.0 2182.0 103.0 mune et <.....> ne se contentent point d'une condition

487.0 589.0 2155.0 120.0 où ils trouvent <.................>, une existence as¬

493.0 695.0 2149.0 120.0 surée et honorable. Malgré la différence de leurs rangs, les

496.0 806.0 2155.0 100.0 maîtres, les compagnons et les apprentis s'unissent dans un

478.0 894.0 2097.0 126.0 même sentiment de fraternité et de concorde. Car, si les

484.0 991.0 2164.0 138.0 maîtres jouissent d'importantes prérogatives, leur genre

493.0 1102.0 2158.0 130.0 de vie les rapproche des compagnons dont ils partagent

484.0 1208.0 2179.0 147.0 les travaux et qu'ils ont jadis, au temps de l'apprentissage,

487.0 1311.0 2176.0 146.0 logé sous leur toit, nourris à leur table et traités com¬

499.0 1416.0 2167.0 147.0 me leurs enfants. <.......................................>

607.0 1554.0 2056.0 120.0 Il n'en faut pas dire davantage pour montrer que les

502.0 1645.0 2161.0 147.0 métiers, tels qu'ils se sont organisés au XIV^e siècle, sont ar¬

507.0 1760.0 2144.0 120.0 rivés à un état d'équilibre parfait. Désormais, ils ne se

510.0 1848.0 2144.0 137.0 développeront plus, ni quant au nombre de leurs membres,

502.0 1947.0 2169.0 132.0 ni quant à leurs aptitudes professionnelles. Vers 1350, ils

505.0 2050.0 2146.0 129.0 ont atteint à leur apogée. Jamais la situation des

496.0 2153.0 2170.0 146.0 artisans n'a été plus favorable qu'à cette époque, mais les

510.0 2255.0 2156.0 147.0 avantages mêmes qu'elle présente <.........> les attache

510.0 2367.0 2147.0 149.0 désormais au conservatisme et les poussera à la longue

513.0 2466.0 2150.0 159.0 dans la routine. Ils ne consentent plus à partager <....>

513.0 2581.0 2176.0 149.0 le bien être dont ils jouissent. Leurs rangs ne s'ouvrent plus

519.0 2689.0 2173.0 144.0 aux nouveaux venus et, nous avons eu l'occasion de le cons¬

519.0 2795.0 2164.0 153.0 tater déjà, <....> l'époque de leur épanouissement <......>

519.0 2909.0 2158.0 141.0 est celle aussi où la population des villes devient station¬

513.0 3009.0 564.0 115.0 naire. <.....>

560.0 3132.0 2097.0 106.0 Il est évident que le particularisme croissant des

507.0 3241.0 2170.0 94.0 métiers devrait renforcer encore le particularisme mu¬

513.0 3323.0 2161.0 141.0 nicipal. Né des conditions mêmes de la vie urbaine et si
