2713 3451
2491.0 8.0 138.0 115.0 214

1001.0 152.0 713.0 141.0 Chapitre X

592.0 327.0 1893.0 150.0 Les villes à l'époque de la Réforme

1343.0 618.0 104.0 26.0 I

604.0 793.0 2037.0 110.0 <....> L'organisation urbaine du moyen âge était

526.0 900.0 2143.0 103.0 en train de disparaître sous l'action de la Renaissance, quand

532.0 1006.0 2117.0 98.0 <..............> la Réforme provoqua dans les villes transfor¬

526.0 1101.0 1223.0 83.0 mées des perturbations nouvelles.

584.0 1187.0 2077.0 127.0 Dès 1518, on découvre parmi la population cosmopolite d'An¬

526.0 1291.0 2132.0 118.0 vers les premiers symptômes du Luthéranisme et depuis lors,

532.0 1394.0 1084.0 81.0 malgré <.....................>

1352.0 1360.0 448.0 132.0 <...............>

1743.0 1383.0 492.0 77.0 les formidables

1824.0 1420.0 822.0 95.0 <..........> "placards"

549.0 1483.0 2115.0 124.0 promulgués par Charles-Quint, <...............>, l'hérésie se ré¬

540.0 1578.0 2132.0 112.0 pand bientôt de proche en proche. D'ailleurs, la propagande lu¬

540.0 1670.0 2124.0 113.0 thérienne, si elle menace l'Église établie, ne s'en prend ni à l É¬

549.0 1757.0 2126.0 118.0 tat ni à la société. <...........................>

526.0 1857.0 2135.0 104.0 <.......> Les premiers protestants ne furent en rien des révolu¬

517.0 1952.0 2132.0 95.0 tionnaires et ils conservèrent une fidélité intacte à l'empe¬

529.0 2027.0 2143.0 118.0 reur qui les faisait monter sur le bûcher. Mais par la brèche

552.0 2107.0 2109.0 130.0 faite par eux dans <...................> l'édifice des croy¬

543.0 2211.0 2115.0 104.0 ances traditionnelles <.......> l'anabaptisme se déverse pres¬

546.0 2300.0 2115.0 107.0 que aussitôt sur les Pays-Bas. Transporté d'Allemagne à Em¬

546.0 2386.0 2106.0 95.0 den en 1529 par Melchior Hoffmann, il se répand tout de suite

526.0 2493.0 2152.0 83.0 sur les provinces septentrionales et atteint rapidement le Bra¬

543.0 2565.0 2129.0 106.0 bant, la Flandre et le Limbourg. La simplicité de sa théolo¬

555.0 2665.0 2120.0 107.0 gie et son mysticisme apocalyptique <............> exercent

543.0 2760.0 2115.0 89.0 sur les âmes populaires une attraction irrésistible. Il con¬

549.0 2852.0 2103.0 92.0 damne l'organisation sociale comme l'œuvre du mal, il

546.0 2936.0 2086.0 100.0 aspire à son anéantissement, il prétend fonder sur ses

543.0 3022.0 1885.0 98.0 ruines <.........> la cité céleste où <.............>

1918 3023 720 97 s'effaceront toutes les

552.0 3117.0 2120.0 95.0 <............> inégalités et toutes les injustices, où tous

540.0 3209.0 2112.0 92.0 les rangs seront confondus dans l'amour et la charité.

566.0 3295.0 2077.0 98.0 Comment de telles promesses ne lui auraient elles point
