<?xml version="1.0" encoding="UTF-8"?>
<alto xmlns:xsi="http://www.w3.org/2001/XMLSchema-instance"
      xmlns="http://www.loc.gov/standards/alto/ns-v4#"
      xsi:schemaLocation="http://www.loc.gov/standards/alto/ns-v4# http://www.loc.gov/standards/alto/v4/alto-4-2.xsd">
  <Description>
    <MeasurementUnit>pixel</MeasurementUnit>
    <sourceImageInformation>
      <fileName>ARCH-DIV-000494_0035.png</fileName>
    </sourceImageInformation>
  </Description>
  <Tags>
    <OtherTag ID="BT1" LABEL="Title" DESCRIPTION="block type Title"/><OtherTag ID="BT2" LABEL="Main" DESCRIPTION="block type Main"/><OtherTag ID="BT3" LABEL="Commentary" DESCRIPTION="block type Commentary"/><OtherTag ID="BT4" LABEL="Illustration" DESCRIPTION="block type Illustration"/><OtherTag ID="BT130" LABEL="TitlePageZone" DESCRIPTION="block type TitlePageZone"/><OtherTag ID="BT131" LABEL="MarginTextZone" DESCRIPTION="block type MarginTextZone"/><OtherTag ID="BT132" LABEL="MainZone" DESCRIPTION="block type MainZone"/><OtherTag ID="BT133" LABEL="CustomZone:numbering" DESCRIPTION="block type CustomZone:numbering"/><OtherTag ID="BT134" LABEL="NumberingZone" DESCRIPTION="block type NumberingZone"/><OtherTag ID="BT136" LABEL="MarginTextZone:lower" DESCRIPTION="block type MarginTextZone:lower"/>
    <OtherTag ID="LT75" LABEL="HeadingLine" DESCRIPTION="line type HeadingLine"/><OtherTag ID="LT76" LABEL="DefaultLine" DESCRIPTION="line type DefaultLine"/><OtherTag ID="LT77" LABEL="InterlinearLine:correction" DESCRIPTION="line type InterlinearLine:correction"/><OtherTag ID="LT78" LABEL="InterlinearLine:addition" DESCRIPTION="line type InterlinearLine:addition"/>
  </Tags>
  <Layout>
    <Page WIDTH="2713"
          HEIGHT="3552"
          PHYSICAL_IMG_NR="30"
          ID="eSc_dummypage_">
      <PrintSpace HPOS="0"
                  VPOS="0"
                  WIDTH="2713"
                  HEIGHT="3552">
        <TextBlock HPOS="2542.0"
                   VPOS="0.0"
                   WIDTH="158.0"
                   HEIGHT="107.0"
                   ID="eSc_textblock_be3235b5"
                   TAGREFS="BT134">
          <Shape><Polygon POINTS="2555 0 2542 81 2700 107 2700 16"/></Shape>
          <TextLine ID="eSc_line_323f21ed"
                    TAGREFS="LT76"
                    BASELINE="2594 69 2651 67" 
                    HPOS="2592.0"
                    VPOS="33.0"
                    WIDTH="59.0"
                    HEIGHT="63.0">
            <Shape><Polygon POINTS="2632 35 2622 33 2592 41 2594 69 2594 96 2651 94 2651 67 2645 37 2632 35"/></Shape>
	    <String CONTENT="27"
                    HPOS="2592.0"
                    VPOS="33.0"
                    WIDTH="59.0"
                    HEIGHT="63.0"></String>
          </TextLine>
        </TextBlock>
        <TextBlock HPOS="536.0"
                   VPOS="54.0"
                   WIDTH="2177.0"
                   HEIGHT="3264.0"
                   ID="eSc_textblock_4f7688ef"
                   TAGREFS="BT132">
          <Shape><Polygon POINTS="536 54 541 2494 543 3318 2713 3279 2691 102 2321 71"/></Shape>
          <TextLine ID="eSc_line_5d1dfe00"
                    TAGREFS="LT76"
                    BASELINE="612 136 1621 114 2663 124" 
                    HPOS="610.0"
                    VPOS="65.0"
                    WIDTH="2053.0"
                    HEIGHT="86.0">
            <Shape><Polygon POINTS="945 73 926 74 906 74 870 92 697 82 695 82 610 94 612 136 612 149 657 142 783 149 821 151 823 151 825 151 827 151 829 149 849 138 872 148 874 148 876 148 1005 140 1048 149 1056 149 1058 149 1060 149 1064 149 1109 136 1431 148 1463 148 1465 148 1467 148 1471 148 1524 134 1561 142 1563 142 2043 130 2659 142 2663 124 2661 84 2329 65 2327 65 2233 84 2059 65 2057 65 2055 65 2053 65 2033 78 1927 67 1925 67 1779 82 1751 69 1749 69 1747 69 1674 84 1553 69 1551 69 1550 69 1482 88 1279 71 1277 71 1190 90 1135 78 1133 78 1068 90 977 73 965 73"/></Shape>
	    <String CONTENT="-nai. Dans ces deux dernières villes, en effet, nous"
                    HPOS="610.0"
                    VPOS="65.0"
                    WIDTH="2053.0"
                    HEIGHT="86.0"></String>
          </TextLine>
          <TextLine ID="eSc_line_4eccb582"
                    TAGREFS="LT76"
                    BASELINE="606 224 2671 187" 
                    HPOS="604.0"
                    VPOS="138.0"
                    WIDTH="2067.0"
                    HEIGHT="128.0">
            <Shape><Polygon POINTS="606 224 608 246 621 240 635 246 679 266 681 266 683 266 779 264 781 264 823 242 825 242 833 242 892 250 894 250 896 250 928 240 943 236 951 240 987 260 989 260 991 262 1038 262 1038 260 1161 236 1194 230 1218 236 1238 240 1240 240 1241 240 1283 234 1299 232 1305 234 1362 254 1364 254 1366 254 1449 252 1451 252 1494 230 1496 230 1504 230 1557 236 1559 236 1627 228 1692 221 1733 226 1765 230 1767 230 1838 224 1929 217 1944 222 1986 240 1988 240 1990 240 1992 240 2061 221 2077 217 2087 221 2096 224 2098 224 2100 224 2136 219 2168 215 2179 219 2231 238 2233 238 2235 238 2312 236 2314 236 2363 215 2379 209 2667 209 2671 187 2667 157 2578 138 2576 138 2574 138 2527 157 2527 159 2430 159 2428 159 2381 144 2379 144 2377 144 2375 144 2322 161 2312 163 2266 161 2015 148 2014 148 1846 167 1784 175 1638 175 1621 169 1599 161 1597 161 1595 161 1553 171 1548 171 1544 171 1516 161 1514 161 1512 161 1510 161 1482 171 1461 179 1431 171 1411 167 1409 167 1407 167 1405 167 1390 173 1360 183 1241 183 1168 175 1080 165 1078 165 939 167 937 167 906 179 874 191 732 191 702 181 681 173 679 173 677 173 604 181 606 224"/></Shape>
	    <String CONTENT="voyons les finances urbaines au XIII^e siècle placées sous"
                    HPOS="604.0"
                    VPOS="138.0"
                    WIDTH="2067.0"
                    HEIGHT="128.0"></String>
          </TextLine>
          <TextLine ID="eSc_line_3ebcad44"
                    TAGREFS="LT76"
                    BASELINE="608 339 2069 290 2653 286" 
                    HPOS="606.0"
                    VPOS="219.0"
                    WIDTH="2047.0"
                    HEIGHT="142.0">
            <Shape><Polygon POINTS="608 339 608 361 695 351 785 357 787 357 789 357 815 343 894 351 896 351 898 351 937 339 1249 343 1259 343 1261 343 1263 343 1265 343 1283 331 1313 341 1315 341 1317 341 1318 341 1354 329 1427 337 1429 337 1528 321 1642 331 1646 331 1648 331 1652 331 1729 317 1836 325 1840 325 1842 325 1844 325 1875 309 2116 303 2237 313 2247 313 2248 313 2256 313 2310 301 2377 307 2379 307 2381 307 2383 307 2399 296 2444 305 2446 305 2651 299 2653 286 2647 238 2566 238 2509 219 2507 219 2505 219 2503 219 2438 244 2434 244 2428 244 2357 232 2355 232 2353 232 2296 248 2292 248 2288 248 2225 236 2223 236 2221 236 2179 252 2175 252 2173 252 2138 240 2136 240 2134 240 2132 240 2092 254 2049 232 2047 232 2045 232 1856 262 1846 262 1842 262 1786 240 1784 240 1782 240 1662 262 1605 248 1603 248 1601 248 1599 248 1597 248 1563 270 1561 270 1551 270 1472 268 1441 252 1439 252 1437 252 1435 252 1403 262 1281 256 1279 256 1277 256 1236 270 1202 260 1200 260 1198 260 1196 260 1194 260 1161 282 1159 284 1125 284 1117 284 997 264 995 264 866 268 864 268 815 294 813 294 756 294 675 274 673 274 671 274 669 274 606 297 608 339"/></Shape>
	    <String CONTENT="le controle ici de la charité Saint-Christophe, là du"
                    HPOS="606.0"
                    VPOS="219.0"
                    WIDTH="2047.0"
                    HEIGHT="142.0"></String>
          </TextLine>
          <TextLine ID="eSc_line_04c5f4b0"
                    TAGREFS="LT76"
                    BASELINE="608 436 2221 386 2653 382" 
                    HPOS="606.0"
                    VPOS="329.0"
                    WIDTH="2047.0"
                    HEIGHT="128.0">
            <Shape><Polygon POINTS="608 436 608 449 937 457 939 457 941 457 997 442 1014 436 1026 440 1036 444 1038 444 1040 444 1127 438 1182 434 1200 436 1281 447 1283 447 1425 430 1494 422 1583 426 1704 432 1705 432 1796 420 1838 416 1852 420 1891 430 1893 430 1895 430 1944 428 1946 428 1970 416 1986 408 2124 412 2298 418 2300 418 2302 418 2337 406 2367 398 2408 406 2448 412 2450 412 2651 398 2653 382 2649 347 2576 337 2574 337 2572 337 2570 337 2557 349 2553 351 2393 353 2381 353 2276 335 2274 335 2272 335 2225 349 2175 329 2173 329 2171 329 2170 329 2108 359 2100 363 2023 365 2012 361 1970 341 1968 341 1966 341 1964 341 1962 341 1940 357 1879 349 1877 349 1875 349 1834 365 1814 370 1747 370 1741 367 1713 353 1711 353 1709 353 1609 369 1550 378 1526 370 1471 351 1469 351 1415 351 1413 351 1320 355 1318 355 1245 376 1210 388 1182 378 1133 361 1131 361 1076 361 1074 361 969 367 967 367 931 384 908 396 876 386 874 386 872 386 870 386 837 398 807 386 799 384 797 384 795 384 793 384 779 388 722 402 689 390 661 378 659 378 657 378 655 378 606 390 608 436"/></Shape>
	    <String CONTENT="comte de la Hansei (1). C&#x27;en est assez pour justifier ce que"
                    HPOS="606.0"
                    VPOS="329.0"
                    WIDTH="2047.0"
                    HEIGHT="128.0"></String>
          </TextLine>
          <TextLine ID="eSc_line_7903f7f4"
                    TAGREFS="LT76"
                    BASELINE="592 532 2250 483 2685 483" 
                    HPOS="590.0"
                    VPOS="430.0"
                    WIDTH="2095.0"
                    HEIGHT="130.0">
            <Shape><Polygon POINTS="592 532 592 560 748 538 843 544 845 544 1180 528 1218 544 1226 546 1228 546 1230 546 1267 542 1443 518 1520 518 1546 532 1550 534 1551 534 1553 534 1555 534 1559 532 1585 520 1725 528 1792 530 1794 530 1840 524 1954 507 1982 520 1992 524 1994 524 1996 524 2079 522 2081 522 2102 517 2160 499 2290 499 2310 509 2320 515 2322 515 2324 515 2412 513 2414 513 2428 507 2456 491 2487 505 2491 505 2493 505 2495 505 2497 505 2501 503 2525 495 2545 503 2558 507 2560 507 2562 507 2683 497 2685 483 2681 444 2628 444 2600 430 2598 430 2596 430 2503 447 2499 447 2497 447 2452 440 2450 440 2280 451 2247 442 2245 442 2243 442 2241 442 2191 455 2102 442 2100 442 1937 463 1935 463 1933 463 1869 447 1867 447 1865 447 1863 447 1802 463 1686 449 1684 449 1508 453 1506 453 1455 471 1415 457 1413 457 1411 457 1307 459 1305 459 1271 475 1214 469 1212 469 1210 469 1153 487 979 487 947 475 945 475 943 475 841 493 661 477 659 477 657 477 590 499 592 532"/></Shape>
	    <String CONTENT="nous avancions plus haut et pour affirmer qu&#x27;au mi¬"
                    HPOS="590.0"
                    VPOS="430.0"
                    WIDTH="2095.0"
                    HEIGHT="130.0"></String>
          </TextLine>
          <TextLine ID="eSc_line_490b7672"
                    TAGREFS="LT76"
                    BASELINE="596 625 1056 601 2033 588 2497 562 2645 562" 
                    HPOS="592.0"
                    VPOS="513.0"
                    WIDTH="2053.0"
                    HEIGHT="138.0">
            <Shape><Polygon POINTS="596 625 596 635 643 645 645 645 647 645 675 633 681 631 687 633 736 651 738 651 740 651 742 651 781 633 878 637 880 637 882 637 916 627 931 621 943 625 983 643 985 643 987 643 1206 639 1208 639 1283 615 1293 613 1338 613 1500 617 1502 617 1619 605 1660 601 1680 603 1808 623 1810 623 1901 605 2037 615 2039 615 2150 590 2154 590 2156 590 2205 599 2207 599 2304 590 2325 599 2327 599 2329 599 2420 582 2432 580 2438 582 2466 590 2468 590 2470 590 2472 590 2501 580 2507 576 2643 574 2645 562 2643 534 2584 518 2582 518 2580 518 2578 518 2537 528 2505 513 2503 513 2501 513 2499 513 2401 540 2399 540 2393 540 2229 536 2227 536 2177 546 2171 546 2170 546 2132 526 2130 526 2128 526 2126 526 2045 548 2035 552 1733 558 1723 556 1662 532 1660 532 1658 532 1555 536 1553 536 1490 556 1457 538 1455 538 1453 538 1364 540 1362 540 1311 560 1206 546 1204 546 981 550 979 550 916 572 914 572 839 554 837 554 835 554 833 554 799 574 785 584 744 584 722 576 671 558 669 558 667 558 665 558 592 578 596 625"/></Shape>
	    <String CONTENT="lieu de la population hétérogène et souvent sans"
                    HPOS="592.0"
                    VPOS="513.0"
                    WIDTH="2053.0"
                    HEIGHT="138.0"></String>
          </TextLine>
          <TextLine ID="eSc_line_8ff3178d"
                    TAGREFS="LT76"
                    BASELINE="590 714 1007 694 1966 678 2391 657 2687 657" 
                    HPOS="588.0"
                    VPOS="599.0"
                    WIDTH="2099.0"
                    HEIGHT="133.0">
            <Shape><Polygon POINTS="590 714 590 728 697 722 724 728 750 732 752 732 785 726 845 710 1018 708 1093 716 1164 724 1166 724 1287 712 1320 728 1322 728 1324 728 1731 718 1733 718 1763 702 1818 706 1820 706 1822 706 1824 706 1838 696 1988 702 1990 702 2061 692 2091 702 2092 702 2094 702 2223 682 2247 678 2685 668 2687 657 2685 599 2578 599 2576 599 2574 599 2568 603 2525 625 2426 607 2401 603 2399 603 2367 609 2306 623 2280 613 2266 607 2264 607 2262 607 2260 607 2245 613 2231 619 2173 617 2171 617 2170 617 2168 617 2136 633 2104 625 2102 625 2100 625 2098 625 2065 639 1903 641 1814 629 1741 619 1739 619 1737 619 1704 633 1672 645 1583 637 1573 637 1571 637 1561 637 1486 651 1425 643 1326 629 1324 629 1194 647 1162 641 1161 641 1159 641 1109 653 1080 661 1060 655 1003 637 1001 637 999 637 914 639 770 665 750 668 740 666 673 647 671 647 669 647 667 647 588 670 590 714"/></Shape>
	    <String CONTENT="doute hétéroclite des portus flamands et wallons, l&#x27;as¬"
                    HPOS="588.0"
                    VPOS="599.0"
                    WIDTH="2099.0"
                    HEIGHT="133.0"></String>
          </TextLine>
          <TextLine ID="eSc_line_1ecf7d53"
                    TAGREFS="LT76"
                    BASELINE="584 805 2673 741" 
                    HPOS="582.0"
                    VPOS="694.0"
                    WIDTH="2091.0"
                    HEIGHT="136.0">
            <Shape><Polygon POINTS="584 818 673 818 675 818 706 830 708 830 710 830 823 814 851 811 870 813 975 828 977 828 1097 807 1194 813 1196 813 1285 799 1297 799 1305 799 1399 811 1401 811 1403 811 1437 795 1455 795 1563 787 1573 791 1613 809 1615 809 1617 809 1688 807 1690 807 1765 785 1781 781 1796 783 1881 801 1883 801 1966 797 1968 797 2035 777 2278 789 2280 789 2397 765 2418 759 2673 755 2673 741 2669 694 2503 694 2501 694 2499 694 2487 700 2456 718 2402 718 2375 704 2363 698 2361 698 2359 698 2233 702 2231 702 2215 710 2185 724 2148 716 2146 716 2073 730 2029 730 2006 718 1990 710 1988 710 1986 710 1891 712 1889 712 1887 712 1873 722 1852 736 1812 736 1763 726 1721 718 1719 718 1717 718 1698 728 1674 740 1573 732 1498 728 1496 728 1494 728 1476 736 1455 747 1358 749 1332 741 1305 732 1303 732 1301 732 1299 732 1297 732 1279 743 1267 751 1097 757 1076 751 1038 738 1036 738 1034 738 1032 738 987 753 965 763 902 763 884 757 843 743 841 743 839 743 837 743 795 761 787 763 766 761 641 749 639 749 637 749 582 765 584 805"/></Shape>
	    <String CONTENT="sociation marchande a, pour la première fois, établi"
                    HPOS="582.0"
                    VPOS="694.0"
                    WIDTH="2091.0"
                    HEIGHT="136.0"></String>
          </TextLine>
          <TextLine ID="eSc_line_062de2ce"
                    TAGREFS="LT76"
                    BASELINE="594 897 1060 889 1690 862 2657 852" 
                    HPOS="592.0"
                    VPOS="797.0"
                    WIDTH="2065.0"
                    HEIGHT="132.0">
            <Shape><Polygon POINTS="594 897 594 929 791 925 793 925 799 923 835 911 880 921 888 921 890 921 892 921 898 919 945 905 1072 911 1074 911 1076 911 1099 899 1143 911 1164 917 1166 917 1168 917 1261 915 1263 915 1285 907 1326 889 1362 903 1386 913 1388 913 1390 913 1453 901 1551 882 1573 889 1575 889 1577 889 1696 876 1903 876 1954 884 2041 899 2043 899 2045 899 2120 878 2156 870 2203 876 2250 882 2252 882 2254 882 2282 874 2310 866 2367 870 2454 878 2456 878 2458 878 2497 866 2507 864 2529 866 2614 872 2616 872 2618 872 2657 860 2657 852 2651 801 2456 822 2416 822 2391 807 2369 797 2367 797 2365 797 2298 811 2262 816 2227 813 2144 801 2142 801 1846 807 1844 807 1808 822 1771 809 1769 809 1767 809 1765 809 1729 820 1607 811 1605 811 1603 811 1565 830 1550 840 1478 840 1457 834 1397 814 1395 814 1394 814 1392 814 1307 838 1283 844 1259 840 1192 826 1190 826 1188 826 1151 842 1143 848 1048 848 1044 846 1028 838 1026 838 1024 838 1022 838 1020 838 1007 846 1003 850 827 852 787 832 785 832 783 832 781 832 740 854 738 856 592 858 594 897"/></Shape>
	    <String CONTENT="quelque ordre et quelque stabilité. Officiellement,"
                    HPOS="592.0"
                    VPOS="797.0"
                    WIDTH="2065.0"
                    HEIGHT="132.0"></String>
          </TextLine>
          <TextLine ID="eSc_line_7521d99f"
                    TAGREFS="LT76"
                    BASELINE="588 986 876 984 2077 941 2689 935" 
                    HPOS="586.0"
                    VPOS="886.0"
                    WIDTH="2103.0"
                    HEIGHT="120.0">
            <Shape><Polygon POINTS="588 986 588 1006 916 1006 957 1000 1014 990 1172 994 1208 994 1210 994 1238 992 1394 978 1427 988 1445 992 1447 992 1449 992 1583 988 1630 982 1721 968 1850 964 1907 974 1909 974 2053 959 2158 968 2179 970 2181 970 2215 968 2375 951 2685 955 2689 935 2683 888 2513 899 2491 891 2472 886 2470 886 2383 886 2381 886 2379 886 2345 895 2314 907 2284 897 2258 889 2256 889 2254 889 2047 895 2045 895 2043 895 2029 905 2012 915 1731 915 1717 915 1715 915 1713 915 1680 925 1619 917 1593 915 1591 915 1589 915 1575 919 1544 927 1504 921 1453 913 1451 913 1409 915 1407 915 1405 915 1394 925 1376 935 1311 927 1249 919 1247 919 1198 921 1196 921 1194 921 1180 931 1162 943 847 951 803 941 774 935 772 935 586 947 588 986"/></Shape>
	    <String CONTENT="elle n&#x27;a aucun droit d&#x27;agir comme elle le fait; son inter¬"
                    HPOS="586.0"
                    VPOS="886.0"
                    WIDTH="2103.0"
                    HEIGHT="120.0"></String>
          </TextLine>
          <TextLine ID="eSc_line_87258714"
                    TAGREFS="LT76"
                    BASELINE="598 1077 2349 1024 2663 1020" 
                    HPOS="596.0"
                    VPOS="972.0"
                    WIDTH="2067.0"
                    HEIGHT="142.0">
            <Shape><Polygon POINTS="598 1077 600 1114 667 1089 916 1099 918 1099 920 1099 987 1081 1087 1097 1123 1101 1125 1101 1166 1093 1198 1087 1208 1091 1222 1097 1224 1097 1226 1097 1429 1091 1431 1091 1457 1081 1496 1067 1567 1077 1627 1085 1628 1085 1630 1085 1670 1073 1723 1055 1895 1055 1923 1063 1962 1075 1964 1075 1966 1075 1968 1075 2010 1059 2033 1051 2144 1055 2183 1055 2185 1055 2203 1053 2258 1041 2359 1045 2397 1047 2399 1047 2418 1043 2448 1037 2462 1041 2509 1059 2511 1059 2513 1059 2661 1034 2663 1020 2657 972 2442 990 2389 980 2363 974 2361 974 2312 982 2247 992 2213 984 2183 978 2181 978 2179 978 2154 986 2110 1002 1978 1004 1950 994 1948 994 1946 994 1944 994 1909 1008 1767 1010 1743 998 1741 998 1739 998 1737 998 1713 1000 1520 1018 1474 1006 1463 1004 1461 1004 1459 1004 1457 1004 1455 1004 1451 1008 1429 1022 1386 1022 1360 1010 1344 1004 1342 1004 1340 1004 1168 1014 1166 1014 1164 1014 1162 1016 1145 1026 1095 1018 1058 1012 1056 1012 1054 1012 1036 1020 1007 1032 961 1022 930 1016 928 1016 811 1020 809 1020 787 1028 752 1039 722 1030 708 1024 706 1024 704 1024 596 1032 598 1077"/></Shape>
	    <String CONTENT="vention s&#x27;explique uniquement par la cohésion qui"
                    HPOS="596.0"
                    VPOS="972.0"
                    WIDTH="2067.0"
                    HEIGHT="142.0"></String>
          </TextLine>
          <TextLine ID="eSc_line_3896e0ee"
                    TAGREFS="LT76"
                    BASELINE="590 1172 900 1168 1243 1148 2397 1110 2685 1110" 
                    HPOS="588.0"
                    VPOS="1063.0"
                    WIDTH="2097.0"
                    HEIGHT="132.0">
            <Shape><Polygon POINTS="590 1172 590 1182 712 1195 714 1195 809 1182 1141 1182 1143 1182 1212 1166 1220 1162 1340 1160 1348 1162 1401 1174 1403 1174 1520 1170 1522 1170 1524 1170 1544 1156 1593 1166 1595 1166 1597 1166 1619 1154 1623 1152 1627 1154 1650 1160 1652 1160 1654 1160 1808 1150 1830 1160 1832 1160 1834 1160 1836 1160 1891 1146 1907 1142 1921 1144 1960 1156 1962 1156 1964 1156 2073 1140 2108 1136 2118 1140 2134 1146 2136 1146 2138 1146 2140 1146 2142 1146 2154 1138 2164 1132 2245 1132 2280 1134 2363 1142 2365 1142 2367 1142 2395 1132 2410 1126 2452 1130 2521 1136 2523 1136 2525 1136 2527 1136 2539 1128 2543 1124 2685 1122 2685 1110 2683 1071 2274 1063 2272 1063 2223 1065 2221 1065 2219 1065 2187 1085 2185 1085 2023 1071 2021 1071 1899 1095 1895 1095 1891 1095 1836 1079 1834 1079 1832 1079 1830 1079 1767 1099 1763 1101 1516 1109 1478 1109 1455 1109 1415 1091 1413 1091 1411 1091 1409 1091 1376 1105 1283 1095 1281 1095 1279 1095 1208 1116 1204 1116 1198 1116 1082 1101 1080 1101 981 1107 979 1107 977 1107 947 1124 902 1107 900 1107 898 1107 835 1118 787 1110 785 1110 783 1110 781 1110 756 1126 643 1120 641 1120 639 1120 588 1134 590 1172"/></Shape>
	    <String CONTENT="s&#x27;est établie entre ses membres et par l&#x27;influence"
                    HPOS="588.0"
                    VPOS="1063.0"
                    WIDTH="2097.0"
                    HEIGHT="132.0"></String>
          </TextLine>
          <TextLine ID="eSc_line_2780dfa6"
                    TAGREFS="LT76"
                    BASELINE="588 1266 2432 1201 2667 1201" 
                    HPOS="586.0"
                    VPOS="1148.0"
                    WIDTH="2081.0"
                    HEIGHT="152.0">
            <Shape><Polygon POINTS="588 1266 588 1294 618 1300 620 1300 621 1300 645 1292 695 1278 750 1290 777 1294 779 1294 868 1292 870 1292 890 1284 931 1266 1085 1262 1139 1276 1143 1276 1145 1276 1147 1276 1149 1276 1153 1274 1188 1262 1210 1272 1222 1278 1224 1278 1226 1278 1326 1276 1328 1276 1344 1268 1366 1257 1417 1257 1445 1264 1465 1270 1467 1270 1469 1270 1550 1268 1551 1268 1571 1260 1617 1241 1723 1239 1856 1251 1889 1253 1891 1253 1893 1253 1909 1249 1954 1235 2081 1231 2150 1241 2160 1241 2162 1241 2164 1241 2168 1239 2207 1225 2247 1237 2266 1243 2268 1243 2270 1243 2345 1241 2347 1241 2375 1233 2410 1219 2527 1211 2667 1221 2667 1201 2663 1164 2533 1166 2420 1148 2418 1148 2416 1148 2377 1166 2322 1166 2288 1152 2286 1152 2284 1152 2282 1152 2225 1176 2219 1178 2213 1176 2150 1158 2148 1158 2146 1158 2144 1158 2065 1180 2051 1185 1960 1185 1952 1184 1901 1166 1899 1166 1897 1166 1895 1166 1832 1187 1818 1191 1800 1187 1715 1172 1713 1172 1711 1172 1652 1193 1636 1199 1297 1209 1271 1203 1206 1189 1204 1189 1050 1195 1048 1195 995 1211 963 1221 906 1215 807 1203 805 1203 635 1209 633 1209 586 1223 588 1266"/></Shape>
	    <String CONTENT="dont jouit leur groupe. Car, dans les aggloméra¬"
                    HPOS="586.0"
                    VPOS="1148.0"
                    WIDTH="2081.0"
                    HEIGHT="152.0"></String>
          </TextLine>
          <TextLine ID="eSc_line_09df0480"
                    TAGREFS="LT76"
                    BASELINE="590 1353 1852 1320 2205 1302 2671 1306" 
                    HPOS="588.0"
                    VPOS="1247.0"
                    WIDTH="2083.0"
                    HEIGHT="126.0">
            <Shape><Polygon POINTS="590 1353 590 1373 730 1361 783 1371 789 1371 791 1371 803 1371 914 1357 943 1365 945 1365 947 1365 1010 1351 1147 1357 1149 1357 1271 1347 1338 1357 1346 1357 1348 1357 1350 1357 1354 1357 1392 1345 1447 1353 1461 1355 1463 1355 1474 1353 1538 1339 1599 1349 1601 1349 1603 1349 1656 1335 1842 1343 1891 1345 1893 1345 1929 1341 2059 1324 2669 1322 2671 1306 2669 1264 2560 1257 2558 1257 2557 1257 2531 1266 2529 1266 2466 1247 2464 1247 2462 1247 2316 1270 2221 1255 2219 1255 2217 1255 2168 1274 2092 1266 2091 1266 2089 1266 2055 1278 2053 1278 2043 1278 1810 1262 1808 1262 1757 1264 1755 1264 1707 1286 1656 1268 1654 1268 1652 1268 1548 1284 1518 1270 1516 1270 1514 1270 1401 1272 1279 1296 1277 1298 1046 1302 1014 1288 1012 1288 1010 1288 1008 1288 981 1304 979 1304 977 1304 924 1288 922 1288 920 1288 760 1310 748 1310 742 1310 673 1290 671 1290 669 1290 667 1290 588 1312 590 1353"/></Shape>
	    <String CONTENT="tions urbaines du XI^e siècle, les marchands-voyageurs"
                    HPOS="588.0"
                    VPOS="1247.0"
                    WIDTH="2083.0"
                    HEIGHT="126.0"></String>
          </TextLine>
          <TextLine ID="eSc_line_307fbe3f"
                    TAGREFS="LT76"
                    BASELINE="592 1446 1674 1428 1998 1410 2683 1401" 
                    HPOS="590.0"
                    VPOS="1355.0"
                    WIDTH="2093.0"
                    HEIGHT="113.0">
            <Shape><Polygon POINTS="592 1446 594 1468 704 1458 896 1462 991 1462 993 1462 995 1462 1005 1458 1020 1452 1208 1452 1417 1454 1419 1454 1421 1454 1449 1446 1461 1444 1512 1444 1672 1450 1674 1450 1743 1438 1788 1432 1944 1434 2148 1436 2150 1436 2199 1426 2219 1424 2237 1426 2324 1438 2325 1438 2539 1418 2549 1418 2553 1418 2643 1432 2645 1432 2647 1432 2683 1414 2683 1401 2677 1365 2491 1373 2470 1369 2420 1355 2418 1355 2416 1355 2029 1361 2027 1361 1996 1377 1986 1383 1935 1383 1903 1379 1812 1365 1810 1365 1808 1365 1773 1381 1755 1391 1567 1393 1431 1391 1423 1389 1362 1373 1360 1373 1358 1373 1324 1391 1315 1395 1299 1391 1245 1375 1243 1375 1241 1375 1240 1375 1196 1393 1178 1399 1164 1393 1137 1383 1135 1383 1133 1383 1131 1383 1103 1395 1085 1403 989 1403 971 1397 935 1383 933 1383 931 1383 930 1383 928 1383 906 1399 904 1399 900 1399 849 1385 847 1385 845 1385 843 1385 817 1399 801 1408 673 1408 657 1403 635 1393 633 1393 631 1393 629 1393 590 1403 592 1446"/></Shape>
	    <String CONTENT="constituent évidemment une élite. C&#x27;est parmi eux"
                    HPOS="590.0"
                    VPOS="1355.0"
                    WIDTH="2093.0"
                    HEIGHT="113.0"></String>
          </TextLine>
          <TextLine ID="eSc_line_8717ad8b"
                    TAGREFS="LT76"
                    BASELINE="592 1549 1822 1523 2355 1501 2685 1503" 
                    HPOS="590.0"
                    VPOS="1448.0"
                    WIDTH="2095.0"
                    HEIGHT="130.0">
            <Shape><Polygon POINTS="592 1549 592 1578 681 1578 681 1576 683 1576 685 1574 710 1562 837 1572 852 1572 854 1572 856 1572 858 1572 896 1553 1313 1549 1374 1560 1380 1560 1382 1560 1384 1560 1386 1560 1419 1547 1763 1547 1765 1547 1863 1533 1984 1547 1990 1547 1992 1547 1994 1547 2023 1531 2124 1539 2126 1539 2187 1525 2349 1539 2357 1539 2359 1539 2367 1539 2541 1517 2681 1531 2685 1503 2681 1448 2620 1448 2618 1448 2616 1448 2614 1448 2614 1450 2582 1468 2547 1456 2545 1456 2543 1456 2436 1472 2363 1460 2361 1460 2359 1460 2322 1474 2278 1460 2266 1456 2264 1456 2262 1456 2260 1456 2248 1460 2227 1468 2203 1462 2189 1458 2187 1458 2185 1458 2183 1458 2168 1462 2112 1480 2049 1466 2025 1462 2023 1462 1925 1464 1923 1464 1909 1470 1875 1487 1656 1489 1630 1480 1615 1472 1613 1472 1561 1472 1559 1472 1421 1476 1419 1476 1392 1485 1362 1499 1259 1499 1228 1491 1208 1485 1206 1485 1204 1485 1202 1485 1186 1491 1164 1501 1095 1495 1072 1493 1070 1493 1044 1497 995 1503 985 1497 965 1487 963 1487 961 1487 841 1501 795 1489 793 1489 791 1489 789 1489 754 1505 740 1511 590 1511 592 1549"/></Shape>
	    <String CONTENT="que se rencontrent les hommes les plus énergiques et les"
                    HPOS="590.0"
                    VPOS="1448.0"
                    WIDTH="2095.0"
                    HEIGHT="130.0"
                    WC="0.9724785188833872"></String>
          </TextLine>
          <TextLine ID="eSc_line_20760272"
                    TAGREFS="LT76"
                    BASELINE="588 1643 1658 1631 2290 1604 2687 1600" 
                    HPOS="586.0"
                    VPOS="1558.0"
                    WIDTH="2101.0"
                    HEIGHT="121.0">
            <Shape><Polygon POINTS="588 1643 588 1679 704 1653 793 1653 827 1667 829 1667 831 1667 922 1653 989 1667 1007 1671 1008 1671 1044 1665 1139 1651 1241 1659 1283 1663 1285 1663 1287 1663 1297 1659 1313 1651 1372 1655 1435 1661 1437 1661 1439 1661 1455 1653 1465 1649 1486 1653 1538 1661 1540 1661 1759 1645 1858 1637 1867 1641 1895 1653 1897 1653 1899 1655 1964 1655 1964 1653 2037 1635 2077 1628 2175 1628 2181 1631 2211 1647 2213 1647 2215 1649 2260 1649 2260 1647 2262 1647 2296 1628 2308 1622 2685 1616 2687 1600 2683 1576 2511 1564 2509 1564 2507 1564 2478 1572 2387 1558 2385 1558 2268 1576 2227 1566 2225 1566 2223 1566 2221 1566 2171 1578 2164 1580 2150 1580 2075 1570 2073 1570 2071 1570 2051 1580 2049 1582 2045 1580 2029 1572 2027 1572 2025 1572 1964 1580 1937 1584 1925 1580 1897 1572 1895 1572 1893 1572 1818 1582 1737 1592 1634 1582 1595 1580 1593 1580 1591 1580 1585 1584 1577 1588 1569 1584 1561 1578 1559 1578 1557 1578 1555 1578 1553 1578 1542 1584 1516 1596 1403 1584 1330 1578 1328 1578 1326 1578 1324 1578 1315 1586 1289 1602 1093 1606 999 1606 967 1588 963 1586 961 1586 959 1586 939 1588 874 1598 831 1590 821 1588 819 1588 586 1590 588 1643"/></Shape>
	    <String CONTENT="plus entreprenants. C&#x27;est parmi eux aussi que commen¬"
                    HPOS="586.0"
                    VPOS="1558.0"
                    WIDTH="2101.0"
                    HEIGHT="121.0"></String>
          </TextLine>
          <TextLine ID="eSc_line_8ce2d412"
                    TAGREFS="LT76"
                    BASELINE="588 1750 1439 1734 2476 1699 2669 1701" 
                    HPOS="586.0"
                    VPOS="1641.0"
                    WIDTH="2083.0"
                    HEIGHT="138.0">
            <Shape><Polygon POINTS="588 1750 588 1779 647 1770 722 1776 724 1776 726 1776 728 1776 750 1762 1040 1764 1042 1764 1107 1754 1159 1764 1170 1766 1172 1766 1188 1764 1255 1748 1380 1756 1455 1762 1457 1762 1603 1758 1648 1748 1686 1740 1713 1746 1729 1750 1731 1750 1733 1750 1775 1744 1840 1734 1861 1742 1879 1748 1881 1748 1883 1748 1885 1748 1903 1740 1907 1738 1933 1738 2037 1746 2039 1746 2164 1732 2262 1720 2290 1728 2327 1738 2329 1738 2331 1738 2404 1736 2406 1736 2408 1736 2430 1722 2444 1716 2667 1716 2669 1701 2667 1661 2616 1641 2614 1641 2612 1641 2535 1655 2428 1647 2426 1647 2424 1647 2422 1647 2389 1669 2387 1671 2268 1673 2201 1673 2171 1663 2170 1663 2168 1663 2166 1663 2126 1675 2029 1657 2027 1657 2025 1657 1966 1675 1887 1661 1885 1661 1883 1661 1814 1683 1808 1685 1775 1685 1628 1681 1627 1681 1587 1689 1579 1691 1573 1689 1546 1681 1544 1681 1542 1681 1540 1681 1508 1691 1500 1695 1352 1695 1348 1695 1234 1679 1232 1679 1230 1679 1166 1699 1155 1702 1121 1701 943 1687 941 1687 939 1687 878 1706 864 1710 843 1706 775 1697 774 1697 772 1697 732 1710 718 1714 695 1710 623 1701 621 1701 620 1701 586 1712 588 1750"/></Shape>
	    <String CONTENT="cent à &lt;...........&gt; apparaître les premiers riches."
                    HPOS="586.0"
                    VPOS="1641.0"
                    WIDTH="2083.0"
                    HEIGHT="138.0"></String>
          </TextLine>
          <TextLine ID="eSc_line_5733e3b5"
                    TAGREFS="LT76"
                    BASELINE="592 1849 1309 1839 2162 1805 2687 1795" 
                    HPOS="590.0"
                    VPOS="1740.0"
                    WIDTH="2097.0"
                    HEIGHT="136.0">
            <Shape><Polygon POINTS="592 1849 592 1876 851 1868 860 1872 876 1876 878 1876 880 1876 882 1876 894 1870 910 1860 991 1860 1080 1864 1151 1868 1153 1868 1190 1862 1251 1850 1330 1858 1388 1862 1390 1862 1443 1854 1506 1845 1678 1847 1684 1847 1686 1847 1690 1847 1792 1835 1820 1843 1826 1845 1828 1845 1830 1845 1881 1841 2134 1821 2687 1817 2687 1795 2683 1750 2606 1740 2604 1740 2602 1740 2580 1752 2568 1758 2537 1752 2519 1750 2517 1750 2515 1750 2507 1754 2481 1768 2327 1770 2276 1760 2231 1750 2229 1750 2227 1750 2207 1760 2181 1774 2061 1764 1976 1758 1974 1758 1972 1758 1952 1768 1931 1777 1761 1785 1694 1774 1652 1766 1650 1766 1648 1766 1630 1776 1601 1789 1514 1777 1508 1777 1506 1777 1504 1777 1502 1777 1465 1791 1427 1779 1401 1772 1399 1772 1397 1772 1395 1772 1364 1781 1311 1797 1153 1793 1151 1793 1099 1803 1034 1789 1005 1783 1003 1783 920 1791 886 1795 868 1793 823 1787 821 1787 819 1787 817 1787 807 1795 791 1805 766 1795 748 1789 746 1789 744 1789 590 1799 592 1849"/></Shape>
	    <String CONTENT="La gilde n&#x27;a pas &lt;..............&gt; seulement &lt;...&gt;"
                    HPOS="590.0"
                    VPOS="1740.0"
                    WIDTH="2097.0"
                    HEIGHT="136.0"></String>
          </TextLine>
          <TextLine ID="eSc_line_fcc70528"
                    TAGREFS="LT76"
                    BASELINE="588 1937 1374 1927 2675 1884" 
                    HPOS="586.0"
                    VPOS="1837.0"
                    WIDTH="2089.0"
                    HEIGHT="132.0">
            <Shape><Polygon POINTS="588 1937 588 1963 712 1957 730 1961 756 1969 758 1969 760 1969 856 1967 858 1967 860 1967 874 1957 878 1953 965 1951 1008 1953 1151 1959 1153 1959 1224 1945 1230 1945 1238 1945 1338 1953 1340 1953 1342 1953 1368 1941 1372 1939 1388 1939 1457 1947 1459 1947 1516 1935 1542 1931 1632 1931 1931 1937 1933 1937 1935 1937 2000 1920 2008 1920 2012 1920 2069 1931 2071 1931 2197 1914 2221 1912 2239 1914 2324 1922 2325 1922 2327 1922 2371 1908 2377 1908 2391 1908 2487 1914 2489 1914 2673 1898 2675 1884 2671 1856 2566 1837 2564 1837 2562 1837 2497 1858 2491 1860 2480 1860 2351 1843 2349 1843 2213 1847 2211 1847 2150 1866 2136 1870 2112 1866 2025 1854 2023 1854 1901 1872 1850 1878 1723 1876 1595 1872 1593 1872 1591 1872 1579 1878 1565 1886 1548 1878 1530 1872 1528 1872 1526 1872 1492 1880 1457 1890 1241 1894 1200 1886 1151 1876 1149 1876 1026 1880 1024 1880 1007 1890 999 1894 981 1890 937 1882 935 1882 886 1892 858 1900 586 1900 588 1937"/></Shape>
	    <String CONTENT="&lt;....&gt; jeté les assises des constitutions ur¬"
                    HPOS="586.0"
                    VPOS="1837.0"
                    WIDTH="2089.0"
                    HEIGHT="132.0"></String>
          </TextLine>
          <TextLine ID="eSc_line_e4bbf425"
                    TAGREFS="LT76"
                    BASELINE="592 2034 2245 1998 2706 2000" 
                    HPOS="590.0"
                    VPOS="1945.0"
                    WIDTH="2091.0"
                    HEIGHT="113.0">
            <Shape><Polygon POINTS="592 2058 708 2042 864 2050 866 2050 868 2050 870 2050 890 2038 979 2048 981 2048 983 2048 1008 2036 1289 2030 1362 2042 1364 2042 1366 2042 1395 2026 1494 2026 1575 2038 1577 2038 1751 2036 1816 2022 1842 2034 1844 2034 1846 2034 2045 2022 2085 2030 2087 2030 2288 2010 2679 2018 2681 2000 2679 1963 2470 1945 2468 1945 2466 1945 2404 1965 2399 1967 2237 1967 2237 1965 2197 1945 2195 1945 2193 1945 2085 1947 2083 1947 2014 1967 1984 1977 1790 1977 1753 1969 1690 1955 1688 1955 1561 1971 1461 1983 1390 1973 1388 1973 1285 1979 1265 1973 1249 1967 1247 1967 1245 1967 1243 1967 1228 1973 1186 1991 1113 1973 1089 1969 1010 1969 1008 1969 1007 1969 995 1975 957 1997 888 1997 831 1983 829 1983 590 1979 592 2034"/></Shape>
	    <String CONTENT="baines, elle a encore été, parmi la masse des immi"
                    HPOS="590.0"
                    VPOS="1945.0"
                    WIDTH="2091.0"
                    HEIGHT="113.0"></String>
          </TextLine>
          <TextLine ID="eSc_line_2387c703"
                    TAGREFS="LT76"
                    BASELINE="604 2121 2659 2083" 
                    HPOS="602.0"
                    VPOS="2034.0"
                    WIDTH="2057.0"
                    HEIGHT="111.0">
            <Shape><Polygon POINTS="604 2121 606 2145 811 2131 845 2139 847 2139 849 2139 851 2139 886 2127 912 2137 914 2137 916 2137 999 2137 1119 2135 1121 2135 1123 2135 1149 2121 1356 2127 1358 2127 1427 2117 1524 2125 1571 2129 1573 2129 1897 2121 1899 2121 1909 2117 1921 2111 1940 2117 1954 2119 1956 2119 1958 2119 1982 2115 2037 2105 2067 2113 2073 2115 2075 2115 2077 2115 2079 2115 2085 2113 2108 2103 2659 2099 2659 2083 2655 2046 2604 2034 2602 2034 2531 2048 2505 2052 2489 2048 2446 2034 2444 2034 2442 2034 2365 2036 2363 2036 2361 2036 2337 2050 2325 2058 2217 2058 2205 2052 2171 2040 2170 2040 2168 2040 2166 2040 2130 2054 2112 2060 2047 2056 1950 2048 1948 2048 1905 2058 1873 2066 1512 2070 1494 2064 1465 2054 1463 2054 1360 2054 1358 2054 1218 2058 1216 2058 1170 2070 1137 2077 1052 2072 930 2062 928 2062 831 2064 829 2064 799 2075 783 2081 744 2075 683 2068 681 2068 602 2077 604 2121"/></Shape>
	    <String CONTENT="grants venus de la campagne &lt;...&gt; dans le portus"
                    HPOS="602.0"
                    VPOS="2034.0"
                    WIDTH="2057.0"
                    HEIGHT="111.0"></String>
          </TextLine>
          <TextLine ID="eSc_line_6b8e0fdb"
                    TAGREFS="LT76"
                    BASELINE="584 2218 1526 2202 2335 2176 2691 2178" 
                    HPOS="582.0"
                    VPOS="2119.0"
                    WIDTH="2101.0"
                    HEIGHT="128.0">
            <Shape><Polygon POINTS="584 2241 712 2247 714 2247 716 2247 740 2239 777 2227 864 2237 888 2239 890 2239 906 2237 963 2223 1012 2235 1044 2241 1046 2241 1145 2239 1147 2239 1168 2231 1204 2220 1289 2229 1311 2231 1313 2231 1338 2229 1451 2214 1480 2225 1494 2231 1496 2231 1498 2231 1500 2231 1516 2225 1540 2218 1569 2225 1593 2229 1595 2229 1707 2227 1745 2221 1834 2206 2021 2216 2023 2216 2025 2216 2027 2216 2061 2206 2205 2212 2207 2212 2209 2212 2274 2196 2353 2204 2355 2204 2472 2192 2539 2204 2541 2204 2543 2204 2545 2204 2564 2190 2681 2204 2683 2178 2681 2135 2582 2127 2580 2127 2517 2137 2505 2137 2501 2137 2458 2119 2456 2119 2454 2119 2345 2133 2306 2123 2304 2123 2302 2123 2300 2123 2260 2133 2079 2133 2077 2133 2075 2133 2055 2141 2041 2146 2015 2143 1976 2135 1974 2135 1929 2143 1887 2150 1814 2145 1705 2135 1704 2135 1702 2135 1672 2146 1658 2150 1644 2146 1615 2137 1613 2137 1611 2137 1512 2139 1510 2139 1508 2139 1492 2148 1488 2150 1471 2148 1429 2143 1427 2143 1425 2143 1405 2148 1372 2160 1313 2150 1307 2150 1305 2150 1299 2150 1228 2164 1123 2158 1121 2158 1030 2168 908 2156 906 2156 785 2172 708 2158 697 2156 695 2156 582 2158 584 2218"/></Shape>
	    <String CONTENT="le point de départ de la &lt;................&gt; forma¬"
                    HPOS="582.0"
                    VPOS="2119.0"
                    WIDTH="2101.0"
                    HEIGHT="128.0"></String>
          </TextLine>
          <TextLine ID="eSc_line_95e26c2e"
                    TAGREFS="LT76"
                    BASELINE="584 2312 1790 2296 2300 2271 2685 2277" 
                    HPOS="582.0"
                    VPOS="2218.0"
                    WIDTH="2103.0"
                    HEIGHT="116.0">
            <Shape><Polygon POINTS="584 2312 584 2334 807 2334 807 2332 809 2332 815 2330 852 2316 963 2328 1020 2334 1022 2334 1056 2328 1105 2316 1147 2326 1157 2328 1159 2328 1161 2328 1216 2326 1388 2314 1415 2322 1439 2330 1441 2330 1443 2330 1565 2328 1567 2328 1589 2320 1613 2312 1630 2320 1640 2324 1642 2324 1644 2324 1646 2324 1666 2320 1698 2312 1735 2318 1769 2324 1771 2324 1937 2322 2004 2320 2006 2320 2019 2316 2067 2294 2434 2291 2476 2291 2513 2308 2519 2312 2521 2312 2523 2312 2600 2310 2602 2310 2608 2308 2635 2294 2681 2306 2685 2277 2681 2218 2584 2231 2557 2220 2555 2220 2553 2220 2551 2220 2549 2220 2545 2220 2513 2233 2452 2223 2438 2221 2436 2221 2434 2221 2428 2223 2383 2239 2329 2225 2316 2223 2314 2223 2187 2225 2185 2225 2170 2231 2114 2249 2055 2235 2053 2235 2000 2247 1954 2237 1944 2235 1942 2235 1940 2235 1938 2235 1937 2237 1911 2253 1806 2241 1804 2241 1802 2241 1798 2241 1686 2259 1605 2259 1569 2247 1536 2237 1534 2237 1532 2237 1447 2247 1376 2239 1374 2239 1372 2239 1340 2253 1318 2263 1253 2255 1190 2249 1188 2249 1186 2249 1168 2259 1155 2267 1008 2267 1003 2263 967 2245 965 2245 963 2245 827 2247 825 2247 768 2269 762 2273 693 2273 685 2271 631 2255 629 2255 627 2255 625 2255 582 2271 584 2312"/></Shape>
	    <String CONTENT="tion de classes sociales différentes reposant sur la diffé¬"
                    HPOS="582.0"
                    VPOS="2218.0"
                    WIDTH="2103.0"
                    HEIGHT="116.0"></String>
          </TextLine>
          <TextLine ID="eSc_line_7131794e"
                    TAGREFS="LT76"
                    BASELINE="586 2409 1338 2399 2412 2362 2634 2362" 
                    HPOS="584.0"
                    VPOS="2304.0"
                    WIDTH="2050.0"
                    HEIGHT="133.0">
            <Shape><Polygon POINTS="586 2409 586 2435 661 2425 819 2431 1010 2437 1012 2437 1014 2437 1042 2423 1050 2419 1058 2423 1084 2433 1085 2433 1087 2433 1089 2433 1123 2421 1135 2417 1164 2419 1269 2429 1271 2429 1273 2429 1315 2415 1326 2411 1344 2413 1390 2421 1392 2421 1394 2421 1415 2411 1425 2407 1469 2409 1581 2417 1583 2417 1585 2417 1611 2405 1613 2405 1619 2405 1717 2411 1719 2411 1765 2401 1814 2415 1816 2415 1818 2415 1901 2413 1903 2413 1964 2395 2045 2409 2047 2409 2140 2387 2156 2385 2179 2387 2229 2391 2231 2391 2316 2383 2351 2379 2367 2381 2480 2397 2481 2397 2483 2397 2485 2397 2519 2375 2634 2371 2634 2362 2630 2324 2574 2324 2535 2304 2533 2304 2531 2304 2444 2306 2442 2306 2383 2326 2264 2310 2262 2310 2071 2336 2043 2340 2035 2338 1980 2318 1978 2318 1976 2318 1974 2318 1972 2318 1960 2328 1909 2320 1907 2320 1905 2320 1867 2338 1840 2328 1838 2328 1836 2328 1834 2328 1832 2328 1810 2344 1804 2348 1538 2352 1528 2350 1467 2332 1465 2332 1463 2332 1348 2336 1346 2336 1303 2356 1293 2362 1190 2362 1176 2358 1125 2342 1123 2342 1121 2342 1119 2342 1072 2356 1026 2344 1024 2344 1022 2344 1020 2344 949 2364 935 2368 928 2364 896 2348 894 2348 892 2348 890 2348 851 2366 839 2373 762 2373 736 2369 659 2354 657 2354 655 2354 584 2371 586 2409"/></Shape>
	    <String CONTENT="rence des fortunes. Les hommes les plus riches ont pris"
                    HPOS="584.0"
                    VPOS="2304.0"
                    WIDTH="2050.0"
                    HEIGHT="133.0"></String>
          </TextLine>
          <TextLine ID="eSc_line_65b7ee0c"
                    TAGREFS="LT76"
                    BASELINE="610 2525 1318 2510 1617 2488 2132 2470 2657 2458" 
                    HPOS="606.0"
                    VPOS="2401.0"
                    WIDTH="2051.0"
                    HEIGHT="152.0">
            <Shape><Polygon POINTS="610 2525 610 2543 649 2553 651 2553 787 2539 878 2547 880 2547 882 2547 918 2533 920 2533 924 2533 1001 2543 1003 2543 1287 2535 1360 2521 1482 2525 1484 2525 1486 2525 1542 2512 1575 2504 1763 2504 1861 2504 1863 2504 1964 2498 2096 2488 2118 2492 2152 2498 2154 2498 2156 2498 2179 2490 2191 2484 2369 2480 2389 2482 2499 2500 2501 2500 2503 2500 2562 2478 2657 2472 2657 2458 2653 2417 2523 2401 2521 2401 2329 2423 2223 2435 2179 2427 2116 2413 2114 2413 2112 2413 2110 2413 2085 2429 2065 2441 1970 2441 1946 2431 1931 2425 1929 2425 1927 2425 1925 2425 1911 2433 1883 2446 1816 2446 1747 2435 1717 2431 1715 2431 1713 2431 1700 2437 1688 2441 1648 2437 1559 2429 1557 2429 1555 2429 1534 2441 1508 2454 1283 2462 1208 2450 1206 2450 1117 2466 1044 2450 1016 2444 1014 2444 981 2450 878 2474 835 2464 833 2464 831 2464 829 2464 795 2474 756 2456 748 2452 746 2452 744 2452 606 2458 610 2525"/></Shape>
	    <String CONTENT="&lt;... .... .......&gt; tout naturellement la pre¬"
                    HPOS="606.0"
                    VPOS="2401.0"
                    WIDTH="2051.0"
                    HEIGHT="152.0"></String>
          </TextLine>
          <TextLine ID="eSc_line_c5bc2357"
                    TAGREFS="LT76"
                    BASELINE="606 2620 1854 2585 2318 2563 2661 2565" 
                    HPOS="604.0"
                    VPOS="2508.0"
                    WIDTH="2057.0"
                    HEIGHT="138.0">
            <Shape><Polygon POINTS="606 2620 606 2630 665 2646 667 2646 764 2634 878 2646 880 2646 967 2634 993 2642 995 2642 997 2642 1080 2622 1119 2638 1121 2638 1123 2638 1230 2636 1232 2636 1293 2614 1305 2610 1324 2612 1403 2626 1405 2626 1482 2610 1500 2606 1636 2606 1638 2606 1715 2622 1717 2622 1719 2622 1790 2602 1792 2602 1796 2602 1875 2608 1877 2608 1879 2608 1881 2608 1895 2598 1903 2594 2006 2594 2014 2596 2059 2612 2061 2612 2063 2612 2065 2612 2126 2594 2152 2587 2399 2587 2452 2587 2454 2587 2456 2587 2462 2587 2497 2577 2539 2585 2588 2592 2590 2592 2592 2592 2622 2583 2639 2575 2655 2581 2661 2565 2659 2521 2606 2508 2604 2508 2602 2508 2600 2508 2560 2517 2489 2508 2487 2508 2325 2531 2322 2531 2320 2531 2268 2514 2266 2514 2264 2514 2094 2527 2063 2519 2061 2519 2059 2519 2057 2519 1986 2539 1980 2543 1885 2543 1881 2543 1832 2527 1830 2527 1828 2527 1826 2527 1755 2545 1721 2533 1719 2533 1599 2533 1597 2533 1595 2533 1593 2533 1567 2551 1563 2553 1546 2551 1435 2537 1433 2537 1431 2537 1374 2555 1362 2559 1320 2557 1200 2551 1198 2551 1196 2551 1162 2561 1149 2567 1022 2567 1014 2565 963 2551 961 2551 959 2551 957 2551 910 2569 900 2571 860 2569 685 2559 683 2559 604 2575 606 2620"/></Shape>
	    <String CONTENT="mière place et joué le rôle le plus actif dans les colo¬"
                    HPOS="604.0"
                    VPOS="2508.0"
                    WIDTH="2057.0"
                    HEIGHT="138.0"></String>
          </TextLine>
          <TextLine ID="eSc_line_27dccb44"
                    TAGREFS="LT76"
                    BASELINE="602 2717 1897 2679 2429 2666 2552 2660 2712 2690" 
                    HPOS="598.0"
                    VPOS="2606.0"
                    WIDTH="2079.0"
                    HEIGHT="144.0">
            <Shape><Polygon POINTS="602 2733 659 2733 661 2733 706 2750 708 2750 710 2750 821 2748 823 2748 888 2729 920 2721 1074 2721 1089 2727 1113 2735 1115 2735 1117 2735 1196 2725 1271 2715 1287 2723 1291 2725 1293 2725 1295 2725 1433 2721 1435 2721 1474 2707 1717 2709 1719 2709 1838 2697 1911 2697 1960 2713 1982 2719 1984 2719 1986 2719 1988 2719 2010 2713 2077 2691 2136 2711 2146 2713 2148 2713 2150 2715 2215 2715 2215 2713 2217 2713 2229 2709 2266 2693 2306 2707 2312 2709 2314 2709 2316 2709 2448 2707 2517 2705 2519 2705 2521 2705 2564 2681 2673 2701 2677 2677 2675 2612 2446 2606 2444 2606 2442 2606 2412 2616 2363 2636 2278 2636 2248 2620 2247 2620 2245 2620 2243 2620 2241 2620 2221 2632 2187 2620 2183 2620 2181 2620 2179 2620 2170 2622 2132 2630 2106 2622 2087 2616 2085 2616 2083 2616 2012 2624 1828 2648 1765 2630 1759 2628 1757 2628 1755 2628 1753 2628 1747 2630 1694 2652 1441 2658 1395 2636 1394 2636 1392 2636 1390 2636 1388 2636 1384 2638 1324 2660 1249 2654 1247 2654 1245 2654 1206 2664 1149 2664 1113 2646 1111 2646 1109 2646 1024 2664 999 2654 997 2654 995 2654 795 2665 742 2652 740 2652 738 2652 598 2652 602 2717"/></Shape>
	    <String CONTENT="nies marchandes comme, dans le plat-pays, la fortune"
                    HPOS="598.0"
                    VPOS="2606.0"
                    WIDTH="2079.0"
                    HEIGHT="144.0"></String>
          </TextLine>
          <TextLine ID="eSc_line_2eb05342"
                    TAGREFS="LT76"
                    BASELINE="606 2815 1761 2782 2687 2770" 
                    HPOS="602.0"
                    VPOS="2711.0"
                    WIDTH="2085.0"
                    HEIGHT="130.0">
            <Shape><Polygon POINTS="606 2815 606 2841 886 2819 1016 2833 1036 2835 1038 2835 1052 2833 1137 2815 1204 2821 1206 2821 1303 2810 1332 2819 1334 2819 1336 2819 1409 2808 1644 2815 1646 2815 1743 2800 1850 2813 1871 2815 1873 2815 1891 2812 1946 2800 2094 2808 2148 2810 2150 2810 2152 2810 2160 2806 2193 2788 2343 2788 2369 2800 2375 2804 2377 2804 2379 2804 2481 2802 2483 2802 2501 2798 2557 2784 2685 2792 2687 2770 2683 2733 2618 2733 2557 2711 2555 2711 2553 2711 2551 2711 2511 2725 2377 2715 2375 2715 2254 2737 2235 2740 2223 2738 2158 2719 2156 2719 2085 2719 2083 2719 2081 2719 2006 2740 1984 2746 1935 2742 1867 2735 1865 2735 1863 2735 1832 2742 1810 2748 1723 2744 1672 2742 1670 2742 1668 2742 1658 2744 1628 2754 1613 2746 1587 2733 1585 2733 1583 2733 1581 2733 1550 2746 1532 2754 1490 2748 1423 2737 1421 2737 1419 2737 1370 2748 1368 2748 1287 2740 1285 2740 1283 2740 1253 2750 1230 2758 1194 2752 1139 2740 1137 2740 1135 2740 1113 2752 1085 2768 1036 2770 795 2772 766 2756 752 2750 750 2750 748 2750 602 2758 606 2815"/></Shape>
	    <String CONTENT="foncière a &lt;..........&gt; assigné la première place"
                    HPOS="602.0"
                    VPOS="2711.0"
                    WIDTH="2085.0"
                    HEIGHT="130.0"></String>
          </TextLine>
          <TextLine ID="eSc_line_1bff315d"
                    TAGREFS="LT77"
                    BASELINE="748 2863 894 2861" 
                    HPOS="746.0"
                    VPOS="2815.0"
                    WIDTH="148.0"
                    HEIGHT="71.0">
            <Shape><Polygon POINTS="748 2886 805 2875 890 2879 894 2861 888 2831 807 2831 797 2821 791 2817 791 2815 789 2815 787 2815 785 2815 746 2815 748 2863"/></Shape>
	    <String CONTENT="donné"
                    HPOS="746.0"
                    VPOS="2815.0"
                    WIDTH="148.0"
                    HEIGHT="71.0"></String>
          </TextLine>
          <TextLine ID="eSc_line_d28b62d1"
                    TAGREFS="LT76"
                    BASELINE="612 2912 2089 2873 2671 2873" 
                    HPOS="610.0"
                    VPOS="2810.0"
                    WIDTH="2061.0"
                    HEIGHT="136.0">
            <Shape><Polygon POINTS="827 2863 807 2863 791 2863 762 2869 750 2871 744 2869 704 2857 702 2857 700 2857 610 2873 612 2912 612 2924 716 2946 718 2946 720 2946 801 2922 805 2922 831 2922 985 2926 987 2926 1016 2920 1040 2914 1058 2918 1117 2938 1119 2938 1121 2938 1243 2934 1245 2934 1283 2916 1299 2908 1421 2914 1441 2914 1443 2914 1445 2914 1449 2914 1484 2904 1508 2912 1546 2928 1548 2928 1550 2928 1551 2928 1591 2912 1607 2906 1619 2912 1652 2924 1654 2924 1656 2924 1777 2922 1779 2922 1810 2908 1840 2894 1891 2894 1952 2894 1974 2906 1996 2916 1998 2916 2000 2916 2002 2916 2043 2906 2087 2894 2116 2904 2142 2914 2144 2914 2146 2914 2197 2910 2199 2910 2213 2904 2248 2886 2361 2890 2381 2900 2387 2904 2389 2904 2391 2904 2393 2904 2401 2900 2430 2888 2464 2900 2466 2900 2468 2900 2470 2900 2480 2900 2560 2888 2669 2896 2671 2873 2667 2810 2483 2831 2377 2819 2375 2819 2227 2837 2104 2835 2091 2827 2073 2819 2071 2819 2069 2819 2067 2819 2065 2819 2053 2827 2047 2831 2021 2829 1978 2825 1976 2825 1974 2825 1960 2831 1931 2845 1717 2849 1670 2841 1621 2831 1619 2831 1486 2845 1403 2855 1384 2849 1346 2837 1344 2837 1342 2837 1119 2841 1117 2841 1058 2859 949 2845 947 2845 945 2845 900 2865 894 2867 870 2865 837 2863 827 2863"/></Shape>
	    <String CONTENT="et &lt;.....&gt; le rôle le plus actif aux grands propriétaires. &lt;..&gt;"
                    HPOS="610.0"
                    VPOS="2810.0"
                    WIDTH="2061.0"
                    HEIGHT="136.0"></String>
          </TextLine>
          <TextLine ID="eSc_line_c790c9ba"
                    TAGREFS="LT76"
                    BASELINE="610 3003 1952 2969 2671 2965" 
                    HPOS="608.0"
                    VPOS="2912.0"
                    WIDTH="2063.0"
                    HEIGHT="117.0">
            <Shape><Polygon POINTS="610 3003 610 3029 785 3013 864 3023 870 3023 872 3023 1099 3017 1109 3017 1220 3001 1297 3011 1315 3013 1317 3013 1334 3011 1399 2997 1447 3007 1467 3011 1469 3011 1565 3009 1567 3009 1583 3003 1613 2993 1676 3001 1684 3001 1686 3001 1717 2999 1958 2985 1992 2993 2014 2997 2015 2997 2152 2989 2288 2979 2298 2985 2314 2993 2316 2993 2318 2993 2669 2973 2671 2965 2669 2926 2618 2912 2616 2912 2614 2912 2523 2928 2517 2928 2511 2928 2468 2920 2466 2920 2359 2930 2351 2930 2316 2912 2314 2912 2312 2912 2310 2912 2235 2932 2223 2934 2207 2932 2089 2916 2087 2916 2085 2916 2043 2934 2035 2938 2021 2936 1944 2918 1942 2918 1871 2920 1869 2920 1832 2938 1826 2940 1820 2938 1779 2924 1777 2924 1775 2924 1686 2938 1563 2926 1561 2926 1326 2946 1271 2950 1238 2948 1131 2936 1129 2936 1127 2936 1099 2950 1080 2958 608 2958 610 3003"/></Shape>
	    <String CONTENT="&lt;........... .. ....... ........ ...&gt; Le caractère aristo¬"
                    HPOS="608.0"
                    VPOS="2912.0"
                    WIDTH="2063.0"
                    HEIGHT="117.0"></String>
          </TextLine>
          <TextLine ID="eSc_line_5653ffea"
                    TAGREFS="LT77"
                    BASELINE="1133 3034 1293 3034" 
                    HPOS="1133.0"
                    VPOS="2991.0"
                    WIDTH="160.0"
                    HEIGHT="65.0">
            <Shape><Polygon POINTS="1133 3050 1291 3056 1293 3034 1291 2991 1133 2995 1133 3034"/></Shape>
	    <String CONTENT="revêtu"
                    HPOS="1133.0"
                    VPOS="2991.0"
                    WIDTH="160.0"
                    HEIGHT="65.0"></String>
          </TextLine>
          <TextLine ID="eSc_line_50239e7d"
                    TAGREFS="LT76"
                    BASELINE="610 3090 1571 3072 2318 3046 2669 3054" 
                    HPOS="608.0"
                    VPOS="2995.0"
                    WIDTH="2061.0"
                    HEIGHT="130.0">
            <Shape><Polygon POINTS="1220 3036 1200 3036 1180 3036 1161 3036 1157 3036 1125 3044 1119 3046 890 3052 847 3052 845 3050 801 3031 799 3031 797 3031 700 3054 697 3054 691 3054 649 3042 647 3042 645 3042 643 3042 608 3054 610 3090 610 3108 704 3104 720 3108 797 3125 799 3125 888 3113 1147 3117 1149 3117 1151 3117 1204 3098 1208 3096 1417 3088 1457 3094 1546 3109 1548 3109 1550 3109 1579 3098 1599 3108 1601 3108 1603 3108 1692 3098 1824 3104 1826 3104 1828 3104 1863 3088 1883 3078 1935 3086 2023 3100 2025 3100 2027 3100 2029 3100 2053 3084 2065 3076 2144 3072 2665 3072 2669 3054 2667 3011 2501 2995 2499 2995 2377 3017 2357 3019 2341 3017 2221 3001 2219 3001 2217 3001 2138 3021 2132 3023 2128 3023 2106 3013 2104 3013 2102 3013 2100 3013 2079 3023 2075 3027 1980 3027 1964 3025 1840 3009 1838 3009 1836 3009 1802 3027 1688 3021 1686 3021 1684 3021 1650 3033 1642 3034 1625 3033 1486 3017 1484 3017 1482 3017 1425 3036 1419 3038 1409 3038 1334 3029 1332 3029 1330 3029 1305 3040 1303 3040 1291 3040 1234 3036 1220 3036"/></Shape>
	    <String CONTENT="cratique qu&#x27;a &lt;.....&gt; dès l&#x27;époque franque la constitution"
                    HPOS="608.0"
                    VPOS="2995.0"
                    WIDTH="2061.0"
                    HEIGHT="130.0"></String>
          </TextLine>
          <TextLine ID="eSc_line_d18a7a88"
                    TAGREFS="LT77"
                    BASELINE="2294 3090 2547 3088" 
                    HPOS="2292.0"
                    VPOS="3050.0"
                    WIDTH="255.0"
                    HEIGHT="59.0">
            <Shape><Polygon POINTS="2294 3109 2545 3102 2547 3088 2543 3060 2310 3050 2308 3050 2306 3050 2304 3050 2292 3056 2294 3090"/></Shape>
	    <String CONTENT="revêtira"
                    HPOS="2292.0"
                    VPOS="3050.0"
                    WIDTH="255.0"
                    HEIGHT="59.0"></String>
          </TextLine>
          <TextLine ID="eSc_line_c15f0252"
                    TAGREFS="LT76"
                    BASELINE="590 3181 1721 3151 2651 3145" 
                    HPOS="588.0"
                    VPOS="3090.0"
                    WIDTH="2063.0"
                    HEIGHT="112.0">
            <Shape><Polygon POINTS="2535 3090 2533 3090 2499 3104 2428 3108 2402 3108 2397 3108 2331 3094 2329 3094 2327 3094 2280 3108 2268 3111 2250 3109 2215 3104 2213 3104 2152 3109 2096 3115 2063 3111 1992 3100 1990 3100 1883 3108 1881 3108 1879 3108 1873 3113 1861 3119 1790 3113 1692 3106 1690 3106 1688 3106 1670 3115 1654 3123 1589 3115 1532 3109 1530 3109 1528 3109 1514 3117 1496 3127 1445 3127 1399 3117 1370 3111 1368 3111 1366 3111 1340 3117 1301 3131 1119 3133 1054 3121 1030 3117 1028 3117 997 3121 961 3127 888 3123 849 3121 847 3121 845 3121 837 3123 789 3139 716 3125 704 3123 702 3123 588 3125 590 3181 590 3202 738 3186 764 3198 766 3198 768 3198 829 3186 872 3194 874 3194 876 3194 916 3182 1068 3196 1095 3198 1097 3198 1143 3194 1360 3177 1403 3188 1405 3188 1407 3188 1478 3173 1559 3182 1561 3182 1790 3167 1865 3167 1907 3181 1911 3182 1913 3182 1915 3182 2324 3177 2325 3177 2333 3173 2375 3157 2408 3165 2410 3165 2412 3165 2414 3165 2438 3155 2489 3169 2491 3169 2493 3169 2651 3167 2651 3145 2647 3106 2537 3090 2535 3090"/></Shape>
	    <String CONTENT="rurale, le caractère aristocratique que &lt;........&gt;"
                    HPOS="588.0"
                    VPOS="3090.0"
                    WIDTH="2063.0"
                    HEIGHT="112.0"></String>
          </TextLine>
          <TextLine ID="eSc_line_e89dc9c2"
                    TAGREFS="LT77"
                    BASELINE="673 3224 902 3222" 
                    HPOS="671.0"
                    VPOS="3175.0"
                    WIDTH="231.0"
                    HEIGHT="73.0">
            <Shape><Polygon POINTS="849 3175 829 3175 819 3175 819 3177 805 3188 671 3181 673 3224 673 3248 900 3244 902 3222 898 3175 888 3175 868 3175"/></Shape>
	    <String CONTENT="bientôt"
                    HPOS="671.0"
                    VPOS="3175.0"
                    WIDTH="231.0"
                    HEIGHT="73.0"
                    WC="0.9502915243307749"></String>
          </TextLine>
          <TextLine ID="eSc_line_b9000b97"
                    TAGREFS="LT76"
                    BASELINE="606 3277 2085 3234 2675 3234" 
                    HPOS="604.0"
                    VPOS="3173.0"
                    WIDTH="2071.0"
                    HEIGHT="126.0">
            <Shape><Polygon POINTS="860 3224 841 3224 833 3224 805 3230 785 3236 604 3236 606 3277 606 3299 918 3287 941 3295 951 3297 953 3297 955 3297 957 3297 969 3293 1003 3283 1115 3291 1139 3291 1141 3291 1143 3291 1145 3291 1147 3289 1164 3277 1324 3271 1617 3273 1619 3273 1621 3273 1642 3263 1678 3277 1688 3281 1690 3281 1692 3281 1757 3279 1779 3275 1860 3256 2087 3252 2191 3265 2211 3267 2213 3267 2673 3254 2675 3234 2671 3188 2608 3188 2606 3188 2555 3173 2553 3173 2551 3173 2460 3177 2458 3177 2422 3192 2361 3179 2359 3179 2357 3179 2316 3196 2312 3196 2300 3196 2171 3182 2170 3182 2091 3200 2081 3204 1976 3204 1968 3204 1903 3190 1901 3190 1899 3190 1861 3206 1860 3206 1858 3206 1810 3192 1808 3192 1806 3192 1804 3192 1775 3208 1767 3212 1644 3212 1638 3210 1601 3198 1599 3198 1597 3198 1595 3198 1540 3214 1534 3214 1530 3214 1463 3200 1461 3200 1326 3218 1295 3222 1281 3220 1230 3206 1228 3206 1226 3206 1101 3224 1064 3230 973 3230 959 3226 930 3218 928 3218 926 3218 924 3218 902 3228 894 3232 886 3228 876 3224 860 3224"/></Shape>
	    <String CONTENT="&lt;..........&gt; la constitution urbaine s&#x27;expliquent par"
                    HPOS="604.0"
                    VPOS="3173.0"
                    WIDTH="2071.0"
                    HEIGHT="126.0"></String>
          </TextLine>
        </TextBlock>
        <TextBlock HPOS="568.0"
                   VPOS="3283.0"
                   WIDTH="2145.0"
                   HEIGHT="260.0"
                   ID="eSc_textblock_cef3eaac"
                   TAGREFS="BT136">
          <Shape><Polygon POINTS="568 3314 568 3543 2713 3543 2713 3283"/></Shape>
          <TextLine ID="eSc_line_cc84b27b"
                    TAGREFS="LT76"
                    BASELINE="614 3372 880 3376 1413 3366 1879 3342 2651 3332" 
                    HPOS="612.0"
                    VPOS="3269.0"
                    WIDTH="2039.0"
                    HEIGHT="135.0">
            <Shape><Polygon POINTS="614 3372 614 3404 943 3396 951 3396 1034 3380 1101 3392 1113 3392 1115 3392 1214 3388 1463 3376 1526 3378 1619 3384 1621 3384 1725 3374 1836 3360 2112 3358 2126 3362 2144 3368 2146 3368 2148 3368 2150 3368 2170 3360 2177 3356 2462 3350 2474 3352 2523 3364 2525 3364 2527 3364 2529 3364 2551 3350 2553 3348 2649 3346 2651 3332 2647 3291 2501 3279 2499 3279 2497 3279 2468 3291 2456 3295 2428 3291 2351 3277 2349 3277 2268 3291 2233 3297 2219 3291 2168 3269 2166 3269 2164 3269 2162 3269 2118 3291 2102 3299 2081 3291 2035 3277 2033 3277 2031 3277 2029 3277 1996 3291 1966 3307 1917 3307 1887 3293 1865 3281 1863 3281 1747 3275 1745 3275 1743 3275 1741 3275 1713 3293 1698 3303 1652 3299 1650 3299 1648 3299 1617 3313 1526 3297 1524 3297 1522 3297 1520 3297 1490 3315 1299 3307 1297 3307 1295 3307 1293 3307 1271 3321 1178 3323 1121 3323 1072 3295 1060 3289 1058 3289 1056 3289 612 3295 614 3372"/></Shape>
	    <String CONTENT="(1) Voy. L. Verriest. Qu&#x27;était la charité Saint-Christophe"
                    HPOS="612.0"
                    VPOS="3269.0"
                    WIDTH="2039.0"
                    HEIGHT="135.0"></String>
          </TextLine>
          <TextLine ID="eSc_line_cc3a639a"
                    TAGREFS="LT76"
                    BASELINE="641 3457 2150 3409 2673 3411" 
                    HPOS="639.0"
                    VPOS="3338.0"
                    WIDTH="2034.0"
                    HEIGHT="137.0">
            <Shape><Polygon POINTS="641 3457 641 3469 819 3475 821 3475 872 3465 882 3463 888 3465 908 3471 910 3471 912 3471 1155 3459 1305 3451 1409 3453 1548 3455 1550 3455 1551 3455 1567 3449 1583 3441 1925 3433 1968 3439 1990 3443 1992 3443 2041 3439 2148 3425 2673 3423 2673 3411 2669 3338 1781 3366 1779 3366 1753 3374 1705 3394 1443 3398 1415 3388 1401 3384 1399 3384 1397 3384 1395 3384 1380 3390 1350 3402 1279 3394 1178 3384 1176 3384 1174 3384 1143 3400 1135 3404 1127 3400 1076 3382 1074 3382 1072 3382 1070 3382 1068 3382 1032 3404 1022 3411 639 3419 641 3457"/></Shape>
	    <String CONTENT="à Tournai. Bullet. de la Commission Royale d&#x27;Histoire de Bel¬"
                    HPOS="639.0"
                    VPOS="3338.0"
                    WIDTH="2034.0"
                    HEIGHT="137.0"></String>
          </TextLine>
          <TextLine ID="eSc_line_56c001b2"
                    TAGREFS="LT76"
                    BASELINE="639 3514 1476 3494" 
                    HPOS="637.0"
                    VPOS="3443.0"
                    WIDTH="839.0"
                    HEIGHT="89.0">
            <Shape><Polygon POINTS="1072 3445 1060 3445 1058 3445 1056 3445 1056 3447 1042 3461 1032 3469 991 3463 916 3451 914 3451 852 3459 851 3459 849 3459 849 3461 839 3469 833 3475 637 3477 639 3514 639 3532 1476 3514 1476 3494 1471 3443 1072 3443 1072 3445"/></Shape>
	    <String CONTENT="gique, 1908, p.139 et suiv."
                    HPOS="637.0"
                    VPOS="3443.0"
                    WIDTH="839.0"
                    HEIGHT="89.0"></String>
          </TextLine>
        </TextBlock>
      </PrintSpace>
    </Page>
  </Layout>
</alto>
