2713 3461
2459.0 43.0 147.0 115.0 120

565.0 49.0 1360.0 95.0 cessités pratiques de l'existence.

617.0 155.0 2052.0 95.0 Il est inutile d'insister plus longuement sur la ci¬

920.0 230.0 375.0 72.0 municipale

548.0 262.0 2107.0 95.0 vilisation <........> à l'époque du patriciat. Nous en

557.0 366.0 2121.0 78.0 aurons dit assez et notre but sera atteint, <........>

1489.0 421.0 467.0 80.0 avons réussi

551.0 455.0 2115.0 92.0 <............> si nous <..........> à montrer tout ce

562.0 571.0 2104.0 92.0 que la haute bourgeoisie a accompli pour porter les

542.0 648.0 2156.0 122.0 villes des Pays-Bas au degré de vigueur et de richesse où

545.0 752.0 2127.0 119.0 nous les voyons parvenues à la fin du XIIIe siècle. Si la

554.0 862.0 2135.0 86.0 fondation des premiers centres urbains est due aux im¬

536.0 966.0 2159.0 95.0 migrants qui vinrent y chercher fortune lors de la renais¬

551.0 1061.0 2110.0 95.0 sance commerciale du Moyen Âge, leur organisation

551.0 1159.0 2118.0 101.0 définitive et leur système administratif est l'œuvre de

551.0 1260.0 2121.0 98.0 la classe riche qui ne tarda pas, nous l'avons vu, à s'y

554.0 1355.0 2147.0 104.0 constituer. Mais cette classe ne se borna pas à <.........>

554.0 1465.0 2115.0 92.0 <......> gouverner. Elle a encore généreusement consacré

559.0 1566.0 2093.0 92.0 sa fortune à l'augmentation de la chose publique.

559.0 1652.0 2116.0 101.0 Ce Wérimbold, dont nous rappelions tantôt le nom

554.0 1765.0 2147.0 92.0 est vanté par le chroniqueur de Cambrai pour avoir

548.0 1851.0 2107.0 95.0 racheté de ses deniers un tonlieu oppressif qui se

562.0 1952.0 2113.0 101.0 percevait à l'une des portes de la ville. <.........>

548.0 2041.0 2130.0 90.0 La création des hôpitaux urbains atteste hautement de

551.0 2137.0 2124.0 98.0 son côté ce mélange d'esprit chrétien et de patriotisme lo¬

542.0 2232.0 2124.0 101.0 cal qui animait l'aristocratie marchande. Depuis la

565.0 2327.0 2107.0 115.0 fin du XIIe siècle, les fondations charitables qu'elle a ins¬

551.0 2442.0 2130.0 98.0 tituées se multiplient avec une étonnante rapi¬

559.0 2523.0 2113.0 116.0 dité. Dans la seule ville d'Ypres des hôpitaux sont

554.0 2644.0 2086.0 121.0 établis en 1230 <...>, en 1276, en 1277, en 1279, soit par

557.0 2745.0 2138.0 113.0 des échevins soit par des veuves d'échevins. Et de même

571.0 2846.0 2075.0 110.0 que le chœur de Saint-Jean de Gand(1), les halles d'Ypres

551.0 2944.0 2130.0 110.0 et de Bruges, le canal de la Lieve, rappellent encore au¬

554.0 3045.0 2118.0 116.0 jourd'hui la grandeur et la fécondité du régime pa¬

565.0 3143.0 2139.0 116.0 tricien, de même la fortune des bureaux de bienfaisance

554.0 3256.0 1737.0 132.0 (1) aujourd'hui cathédrale de Saint-Bavon.
