2713 3466
2478.0 25.0 180.0 84.0 221

560.0 40.0 2072.0 121.0 libération définitive. Dans la bourgeoisie instruite, les

546.0 147.0 2129.0 104.0 <.......> pamphlets politiques éclos au lendemain de la Saint

531.0 231.0 2132.0 115.0 Barthélemy et qui reconnaissent formellement au peuple

540.0 323.0 2123.0 110.0 le droit de déposer le tyran, sont avidement dévorés et exploi¬

554.0 404.0 2063.0 113.0 tés contre le roi. Mais surtout, dès que la pacification de

554.0 496.0 2106.0 107.0 Gand a conclu entre les provinces rebelles et les provinces obéis¬

548.0 592.0 2110.0 118.0 santes une alliance défensive proclamant le respect de

540.0 681.0 2106.0 124.0 la liberté de conscience individuelle, la propagande cal¬

956.0 756.0 254.0 67.0 reprend

548.0 791.0 2066.0 113.0 viniste <......> plus active que jamais et, comme jadis,

742.0 837.0 286.0 67.0 attire

546.0 869.0 2114.0 118.0 elle <.........> à elle <..................................>

540.0 964.0 2086.0 110.0 ces masses populaires qu'elle avait déjà soulevées quelques

548.0 1051.0 2112.0 110.0 années auparavant. Bientôt, en Belgique comme en Hol¬

540.0 1143.0 2103.0 116.0 lande, la cause religieuse se confond avec la cause politi¬

548.0 1239.0 2127.0 118.0 que. On n'est plus anti-espagnol qu'à la condition d'adhé¬

540.0 1325.0 2129.0 119.0 rer en même temps à la Réforme et celle-ci profite de toutes

528.0 1418.0 2132.0 135.0 les rancunes que Philippe II a amassées contre lui. <.......>

1071.0 1484.0 214.0 75.0 urbains

525.0 1504.0 2086.0 130.0 Les magistrats, les membres du Conseil d'État, les députés

528.0 1603.0 2072.0 132.0 des provinces aux États Généraux, bref toutes les autorités

537.0 1686.0 2126.0 139.0 constituées ont beau rester catholiques, manifestement le

546.0 1793.0 2114.0 124.0 pouvoir a glissé de leurs mains dans celles de la foule tra¬

540.0 1868.0 2115.0 153.0 vaillée à la fois par les « ministres » et par les émissaires

548.0 1955.0 2127.0 165.0 d'Orange. <.....> La bourgeoisie de Bruxelles terrorise les

546.0 2062.0 1750.0 136.0 États-Généraux qui siègent au milieu d'elle. Le

537.0 2163.0 2138.0 141.0 elle s'interdit au point d'arrêter    membres du conseil

540.0 2250.0 2092.0 150.0 d'Etat suspecte d'espagnolisme. Et tout de suite, Gand

540.0 2348.0 2106.0 153.0 suit l'exemple de la capitale. Deux démagogues, appuyés

528.0 2446.0 2173.0 170.0 sur le parti calviniste, <.......> s'emparent du gouvernement

1089.0 2515.0 370.0 87.0 Grâce aux

522.0 2535.0 2150.0 159.0 de la ville. <..............> troupes envoyées par Orange pour

537.0 2622.0 2135.0 171.0 battre en <......> brèche la citadelle où s'est réfugiée la garni¬

525.0 2723.0 2127.0 165.0 son espagnole, ils <......................................>

534.0 2810.0 2112.0 182.0 <.......> installent un régime purement protestant,  persé¬

534.0 2917.0 2040.0 150.0 cutent les catholiques, ouvrent des temples où de fougueux

546.0 3006.0 2106.0 156.0 prédicants excitent le peuple au renversement des idoles et à

531.0 3104.0 2138.0 136.0 l'expulsion du clergé. Mais, pour donner à la révolution

522.0 3182.0 2147.0 145.0 religieuse l'apparence de la légalité et pour mieux marquer

520.0 3289.0 2086.0 104.0 en même temps son opposition <..............> à la
