2713 3471
2466.0 11.0 154.0 101.0 231

570.0 78.0 2090.0 124.0 Remarquons d'autre part que la politique <......>

498.0 185.0 2171.0 98.0 <.........................> urbaine ne se heurte

495.0 269.0 2174.0 130.0 point, dans le pays de Liège, aux obstacles qu'elle rencontre en

492.0 370.0 2137.0 118.0 Flandre. Au lieu d'une pluralité de grandes villes jalouses

495.0 471.0 2180.0 121.0 les unes des autres, la principauté ne renferme qu'une seule

500.0 566.0 2143.0 107.0 commune puissante : sa capitale. <....................>

509.0 673.0 2151.0 102.0 <................> De plus, le tardif développement

492.0 766.0 2163.0 104.0 industriel de celle-ci lui permet de s'adapter facile¬

500.0 876.0 2166.0 95.0 ment aux nouvelles conditions économiques. <..> Liège

489.0 992.0 2174.0 92.0 n'a point à défendre comme Bruges ou Gand une posi¬

503.0 1070.0 2166.0 104.0 tion acquise et des privilèges surannés. <............>

500.0 1168.0 2186.0 110.0 Dans le domaine de l'industrie <...............>

503.0 1275.0 2181.0 93.0 <..............................................>

495.0 1373.0 2162.0 96.0 <........> les tendances qu'elle manifeste font songer

509.0 1486.0 2160.0 90.0 à celles d'Anvers dans le domaine du commerce. Elle

492.0 1582.0 2128.0 104.0 s'ouvre largement aux gens du dehors, elle n'est gênée

512.0 1674.0 2143.0 116.0 ni par les monopoles, ni par les « franchises » que les vieilles

506.0 1775.0 2146.0 102.0 cités <...................> s'épuisent à maintenir

500.0 1874.0 2175.0 90.0 au détriment du public. <........................>

512.0 1978.0 2157.0 101.0 <........................> Au lieu de demeurer

498.0 2076.0 2180.0 102.0 stationnaire et de s'attacher désespérément au conser¬

512.0 2172.0 2148.0 113.0 vatisme, sa population augmente sans cesse et <....>

518.0 2276.0 2171.0 107.0 <.............> n'éprouve pas le besoin de se rempa¬

871.0 2340.0 107.0 98.0 le

498.0 2386.0 2180.0 104.0 rer dans <..> protectionnisme. A y regarder de près, on peut

515.0 2484.0 2145.0 125.0 constater que Liège ne présente plus que bien faiblement,

509.0 2591.0 2117.0 107.0 à partir du XVIe siècle, les caractères propres à l'économie

506.0 2692.0 2160.0 105.0 urbaine du Moyen Âge. Elle constitue un grand centre in¬

495.0 2794.0 2174.0 112.0 -dustriel travaillant pour l'exportation et <............>

509.0 2906.0 2102.0 96.0 <..................................>

512.0 3011.0 2140.0 92.0 attirent à lui presque toute l'activité de la principauté.

500.0 3109.0 2169.0 101.0 Rien d'étonnant dès lors <....> si elle prétend aussi s'em¬

515.0 3199.0 2166.0 110.0 parer de la direction politique du pays et <................>

483.0 3294.0 2180.0 127.0 <...> réduire ses évêques au simple <......> exercice de
