2713 3522
543.0 61.0 2123.0 141.0 un mécontentement que le roi de France ne manque¬

2193.0 38.0 220.0 85.0 son rival

551.0 176.0 2085.0 120.0 rait pas d'exploiter contre lui. D'ailleurs, en dépit de l'e¬

563.0 272.0 2085.0 109.0 xiguïté de leur territoire, les Pays-Bas possèdent une telle ri¬

557.0 372.0 2076.0 118.0 chesse que le crédit de l'empereur repose sur eux en grande

557.0 460.0 1466.0 112.0 partie et qu'il importe de les ménager.

578.0 537.0 2064.0 146.0 Après les troubles civils du règne de Maximilien, en effet,

549.0 633.0 2108.0 138.0 la paix, rétablie sous Philippe le Beau, non seulement

554.0 727.0 2091.0 147.0 a ramené la prospérité mais l'a portée à un point qu'elle

551.0 833.0 2109.0 141.0 n'avait jamais atteint. L'admirable situation <..........>

537.0 933.0 2108.0 147.0 <...> du pays qui, au Moyen Âge, avait fait <.............>

1600.0 912.0 73.0 91.0 en

546.0 1021.0 2108.0 129.0 <.......> le centre du commerce du Nord, lui valut, dans le

543.0 1106.0 2140.0 147.0 monde agrandi par les découvertes des Espagnols et des Portu¬

534.0 1223.0 2126.0 115.0 -gais, une importance économique agrandie aux proportions

546.0 1314.0 2067.0 112.0 nouvelles de l'univers, Anvers <.........> à partir du com¬

1688.0 1288.0 270.0 79.0 devint

549.0 1408.0 2117.0 129.0 mencement du XVIe siècle <..........> l'entrepôt du trafic

546.0 1490.0 2102.0 150.0 mondial. <...........> L'influence dont il jouit de 1520 à

554.0 1605.0 2073.0 138.0 1580 environ n'a jamais, ni auparavant ni depuis lors

557.0 1684.0 2067.0 165.0 appartenu à aucune ville. Jamais un port n'a possédé

537.0 1790.0 2140.0 158.0 une suprématie aussi exclusive, exercé une attraction aussi

537.0 1884.0 2140.0 158.0 irrésistible et offert un caractère aussi cosmopolite. Ce fut

534.0 1992.0 2161.0 156.0 un spectacle unique que celui qu'il présenta pendant ces an¬

543.0 2095.0 2158.0 147.0 nées d'étonnant progrès où, par une fortune extraordinaire,

549.0 2171.0 2131.0 156.0 il constitua tout à la fois le plus grand marché et la plus

551.0 2268.0 2109.0 132.0 grande place de banque de l'univers, où les navires et les

543.0 2362.0 2111.0 147.0 capitaux y affluèrent, où l'on y entendit parler toutes les

549.0 2456.0 2093.0 144.0 langues où il mérita enfin, par sa richesse comme par sa

546.0 2544.0 2067.0 153.0 beauté, d'être appelé l'une des fleurs du monde et fit des

554.0 2629.0 2103.0 179.0 Pays-Bas une « terre commune à toutes les nations ». Car

563.0 2735.0 2129.0 176.0 <......................................> une conséquence

540.0 2832.0 2061.0 170.0 inévitable de sa prépondérance, toutes les provinces qui

546.0 2923.0 2131.0 167.0 l'entouraient s'orientèrent vers lui; il les pénétra de son ac¬

543.0 3014.0 2125.0 167.0 tion <...................> leur communiqua son esprit et

557.0 3111.0 2100.0 152.0 y brusqua la transition entre le régime économique du

531.0 3216.0 2120.0 144.0 Moyen Âge et le régime économique des temps modernes.

651.0 3304.0 2041.0 176.0 De tous les caractères que présente celui-ci, le plus frappant

2486.0 85.0 174.0 79.0 196
