2713 3519
2493.0 5.0 108.0 106.0 193

475.0 49.0 2141.0 150.0 avec une grande partie de la noblesse qui prétendit

481.0 155.0 2152.0 161.0 appeler son fils Philippe au gouvernement, l'insuffisance en¬

475.0 243.0 2176.0 176.0 fin de ses ressources et ses nombreuses absences en Allema¬

483.0 351.0 2177.0 162.0 gne où, dès , la couronne du roi des Romains lui était

478.0 442.0 2176.0 188.0 échue, expliquent suffisamment la durée d'une résis¬

489.0 545.0 2159.0 176.0 tance que la France ne soutint que de loin et sans grande

483.0 662.0 2115.0 153.0 énergie. En réalité, en dehors de la Flandre et, en Flandre

486.0 759.0 2174.0 185.0 <....>, en dehors de Gand, les partisans de la vieille politi¬

501.0 879.0 2159.0 176.0 que municipale de la démocratie urbaine qui la soute¬

486.0 982.0 2162.0 179.0 nait, n'étaient plus qu'une impuissante minorité.

486.0 1067.0 2159.0 193.0 Les Gantois eux-mêmes s'en détachaient peu à peu. Soumis

486.0 1178.0 2177.0 206.0 à la domination du démagogue Jean de Coppenhole, ancien

489.0 1284.0 2162.0 196.0 clerc des échevins qui s'est emparé du pouvoir à la fa¬

495.0 1387.0 2174.0 178.0 veur des troubles, <.....................................>

501.0 1472.0 2159.0 208.0 ils vivaient dans un état d'anarchie et de violence <.......>

510.0 1568.0 2150.0 217.0 <....................> contre lesquels finirent par s'insur¬

680.0 1639.0 809.0 123.0 une partie considérable

516.0 1680.0 2147.0 211.0 ger <................................> de la bourgeoisie. Le mé

498.0 1785.0 2150.0 206.0 tier des bateliers, la plus influente des <...> corporations de¬

486.0 1888.0 2121.0 214.0 puis que la décadence de la draperie a enlevé toute

483.0 1979.0 2165.0 235.0 influence aux tisserands, demande la fin d'une guerre

522.0 2085.0 2117.0 205.0 ruineuse et sans issue. Pour maintenir encore sa

495.0 2178.0 2153.0 235.0 prépondérance, Coppenhole fait décapiter leur doyen et

498.0 2293.0 2165.0 228.0 leur oppose les petits métiers chez lesquels l'extrême parti¬

504.0 2398.0 2159.0 217.0 cularisme industriel entretient l'extrême particu¬

501.0 2504.0 2197.0 217.0 larisme municipal. Un cordonnier devient capitaine

522.0 2621.0 2149.0 188.0 général de la commune. Mais les bateliers se soulèvent

504.0 2721.0 2150.0 196.0 et, a son tour, Coppenhole monte sur l'échafaud. Dès

519.0 2826.0 2091.0 206.0 lors, la paix n'est plus qu'une question de jours. Elle est

1616.0 2941.0 231.0 94.0 juillet

536.0 2953.0 2118.0 187.0 conclue à Cadzant le 26 <....> 1492 et ramène Gand

513.0 3079.0 2114.0 176.0 à l'état de choses établi dans ses murs après la paix de

513.0 3170.0 311.0 120.0 Gavere.

533.0 3284.0 2083.0 182.0 Avec cette nouvelle capitulation de la plus indomptable
