2713 3443
2583.0 20.0 109.0 83.0 65

548.0 31.0 2113.0 109.0 rapportaient de pleins chargements de balles de laine.

556.0 123.0 2125.0 123.0 <...............> Il suffit, pour apprécier l'importance

559.0 232.0 2113.0 92.0 de ce commerce, de rappeler ici la formation de la Hanse

556.0 324.0 2105.0 112.0 de Londres, association puissante de gildes locales adon¬

556.0 416.0 1235.0 103.0 nées au négoce avec l'Angleterre.

1897.0 444.0 571.0 86.0 aussi longuement

582.0 525.0 2093.0 91.0 On nous excusera d'avoir insisté sur le développement

554.0 611.0 2121.0 91.0 économique de la Flandre. Il le fallait pour pouvoir bien sai¬

1378.0 668.0 571.0 72.0 du développement urbain dans

2512.0 659.0 169.0 64.0 les villes

562.0 691.0 2107.0 103.0 sir la nature particulière <............> ce pays. Nulle part, en effet <....>

551.0 760.0 2107.0 126.0 ne sont aussi purement les filles du commerce. Rien n'a entravé

542.0 849.0 2073.0 126.0 l'impulsion vigoureuse qu'il leur a donnée et contre laquelle

1923.0 923.0 98.0 58.0 <..>

556.0 941.0 2102.0 109.0 n'a pu tenir aucun <..> obstacle. <............> Ni l'Eglise

551.0 1015.0 2130.0 126.0 ni la noblesse n'ont réussi à arrêter l'élan des bourgeoisies qui

545.0 1098.0 2113.0 121.0 se présentent à l'historien de la Flandre sous leur forme la

556.0 1179.0 2073.0 140.0 plus pure et, si l'on peut dire, la plus classique. Le prince

556.0 1262.0 2108.0 126.0 seul, eût pu constituer pour elles un sérieux obstacle. Mais,

935.0 1357.0 193.0 68.0 haut

562.0 1357.0 2102.0 123.0 pas plus au Moyen Âge que de nos jours, la politique n'était

2181.0 1411.0 422.0 78.0 circonstances

568.0 1431.0 2101.0 126.0 arbitraire. Elle dut s'adapter partout aux <.........> lo¬

565.0 1514.0 2104.0 121.0 cales. Si la conduite des évêques à l'égard des villes trouve

1682.0 1589.0 304.0 63.0 le caprice

556.0 1606.0 2113.0 109.0 son explication, non dans <............> des prélats, mais

562.0 1692.0 2119.0 115.0 dans l'impossibilité où ils se voyaient de céder aux commu¬

556.0 1767.0 2113.0 123.0 nes l'administration de leurs cités, celle des comtes de

548.0 1859.0 2136.0 126.0 Flandre, en dépit de quelques épisodes sans importance, nous

548.0 1956.0 2130.0 121.0 prouve clairement qu'ils comprirent tout le profit qu'ils pou¬

545.0 2039.0 2076.0 130.0 vaient retirer de l'exceptionnelle vitalité du commerce

2374.0 2100.0 80.0 46.0 en

556.0 2120.0 2113.0 135.0 dans leur territoire. <...> Leur intérêt les poussait <..> favori¬

548.0 2217.0 2113.0 129.0 ser le développement et <.....................> le déve¬

551.0 2318.0 2101.0 112.0 loppement, et ils n'y manquèrent pas. Les lois de paix pro¬

548.0 2407.0 2098.0 109.0 mulguées par eux ordonnent en termes exprès de respecter

556.0 2490.0 2116.0 115.0 les marchands et tous les hommes qui, venus d'autres con¬

2153.0 2553.0 123.0 57.0 1127

545.0 2570.0 2058.0 124.0 trées, traversent le pays. Charles le Bon ( 1111-<....> ) est loué

548.0 2651.0 2121.0 137.0 par un contemporain d'avoir imposé à la Flandre la

562.0 2751.0 2110.0 121.0 discipline et le calme d'un monastère et, le jour où parvient

565.0 2837.0 2102.0 132.0 à Ypres la nouvelle qu'il était assassiné, les marchands

554.0 2932.0 2090.0 126.0 réunis à la foire s'empressèrent de fuir. Pareillement

671.0 3012.0 721.0 83.0 pourvoient aux besoins des

551.0 3026.0 2093.0 118.0 <..........>  portus, stations permanentes de ce commerce qui

2247.0 3084.0 236.0 51.0 gardien

545.0 3095.0 2113.0 135.0 les enrichit. <.> Ils est pour ses villes naissantes un <.......>

551.0 3179.0 2113.0 134.0 vigilant et les aide de toutes ses fonces à fonder le droit nouveau

574.0 3288.0 941.0 114.0 qui leur est indispensable.
