2713 3552
627.0 88.0 1988.0 113.0 milices, qu'ils conduisaient eux-mêmes à

624.0 174.0 2047.0 133.0 l'armée. Seuls les centres permanents de l'organi¬

604.0 272.0 2052.0 151.0 sation religieuse et de l'organisation domaniale

607.0 390.0 2026.0 133.0 possédaient un personnel permanent, de clercs

601.0 503.0 2067.0 127.0 ou de moines pour les uns, de maires, de "ménestrels"

604.0 615.0 2037.0 125.0 (ministeriales), de serfs <........> pour les autres.

1649.0 574.0 382.0 92.0 domestiques, (1)

624.0 722.0 2014.0 163.0 <.... . .. .... ..> On rencontrait par¬

604.0 825.0 2064.0 142.0 tout des cités épiscopales, des palais royaux, des mo¬

595.0 929.0 2076.0 133.0 nastères, des villas: <................ .... ......>

592.0 1033.0 2058.0 139.0 <..> mais toute trace avait disparu de l'admi¬

592.0 1130.0 2046.0 154.0 nistration a forme municipale de l'époque ro¬

595.0 1296.0 397.0 65.0 maine.

627.0 1349.0 2023.0 139.0 L'apparition des castra, au x^e siècle, fit renaître

598.0 1453.0 2070.0 145.0 quelque chose d'analogue. Les princes territoriaux

589.0 1565.0 2067.0 128.0 qui avaient construit ces forteresses ne pouvaient

577.0 1672.0 2103.0 118.0 manquer de les utiliser pour le gouvernement

574.0 1767.0 2103.0 130.0 de leurs terres. Par elles réapparut, bien faiblement

568.0 1879.0 2094.0 121.0 encore et bien incomplètement, ce principe de la

559.0 1977.0 2094.0 127.0 sédentarité administrative, qui est inséparable

571.0 2083.0 2103.0 131.0 de toute civilisation avancée. Bientôt les châteaux

559.0 2202.0 2056.0 127.0 ne furent plus de simples lieux de refuge. Le

568.0 2317.0 2106.0 107.0 commandant de leur garnison, le châtelain devint

556.0 2415.0 2079.0 115.0 un fonctionnaire chargé de surveiller et de régir

562.0 2530.0 2073.0 104.0 au nom du prince , la région <.........>. Dès la

1812.0 2492.0 480.0 68.0 environnante

568.0 2628.0 2073.0 101.0 fin du x^e siècle, en Flandre, on le voit pourvu d'at¬

553.0 2723.0 2068.0 112.0 tributions judiciaires et financières, à  côté de ses

550.0 2823.0 2074.0 104.0 primitives attributions militaires. ᗞe même le

556.0 2912.0 2077.0 98.0 château devient le lieu de réunion des échevins des

550.0 2995.0 2094.0 115.0 <....> alentours: <........ ........ .. ........>

2624.0 35.0 50.0 130.0 8

571.0 3152.0 2121.0 124.0 (1) On sait qu'on appelle ainsi <...........> les serfs nour¬

571.0 3250.0 2103.0 112.0 ris dans la maison du maître, par opposition aux serfs

571.0 3338.0 735.0 137.0 attachés à la glebe.
