2713 3529
2508.0 22.0 110.0 113.0 66

2062.0 8.0 294.0 91.0 (1071-1093)

562.0 35.0 2071.0 141.0 <............> [Dès le règne de Robert le Frison, on peut consta¬

576.0 147.0 2081.0 108.0 ter que, dans une certaine mesure, la cause du prince et

559.0 214.0 2109.0 106.0 et la cause des villes sont liées l'une à l'autre. Le coup de force, en

559.0 297.0 2115.0 111.0 effet, par lequel Robert enleva le comté à son neveu Arnoul

559.0 388.0 2115.0 94.0 fut énergiquement secondé par toutes les bourgeoisies de la

559.0 455.0 2112.0 115.0 côte et l'on peut être sûr qu'elles en furent largement récom¬

553.0 538.0 2115.0 114.0 pensées. <...............................................>

553.0 626.0 2115.0 112.0 <...........> Un peu plus tard, en 1127 et 1128, elles se soulèvent

562.0 705.0 2100.0 112.0 pour venger la mort du bon comte Charles, victime d'un com¬

559.0 788.0 2115.0 111.0 plot tramé par une partie de la noblesse ; elles ne reconnais¬

520.0 873.0 2154.0 103.0 sent Guillaume de Normandie qu'au prix de concessions exorbi¬

529.0 958.0 2145.0 115.0 tantes, le renversent quand elles le voient les abandonner

576.0 1058.0 2095.0 106.0 pour s'appuyer sur l'élément féodal et font monter sur le

556.0 1141.0 2106.0 117.0 trône Thierry d'Alsace dont la dynastie n'oubliera jamais

579.0 1229.0 1012.0 112.0 qu'elle leur doit le pouvoir.

570.0 1314.0 2092.0 118.0 Rien d'étonnant donc si l'autorité princière intervient de

564.0 1411.0 2107.0 103.0 bonne heure en faveur des villes et donne à leurs revendica¬

570.0 1493.0 2098.0 100.0 tions la sanction légale. Peu à peu, elle leur concède les di¬

579.0 1588.0 2054.0 100.0 vers points de leur programme <.........>  de réformes. Le

582.0 1670.0 2101.0 88.0 duel judiciaire est aboli, des restrictions sont apportées à la

579.0 1749.0 2098.0 94.0 juridiction ecclésiastique, le service militaire se restreint

567.0 1843.0 2110.0 97.0 au seul cas d'invasion du territoire. Tout cela va de pair

564.0 1935.0 2110.0 100.0 avec l'octroi de franchises commerciales. Le comte renonce

576.0 2029.0 2101.0 103.0 au seewerp et supprime le droit de tonlieu en faveur des

585.0 2114.0 235.0 112.0 gildes.

588.0 2202.0 2077.0 112.0 La crise de 1127 donna l'occasion de compléter toutes ces con¬

576.0 2293.0 2092.0 121.0 cessions particulières et de les cristalliser, pour ainsi dire, dans des

582.0 2382.0 2086.0 120.0 chartes urbaines. Guillaume de Normandie consentit à tout

576.0 2470.0 2095.0 120.0 pour se faire adopter par les villes. Elles lui dictèrent leurs con¬

573.0 2555.0 2113.0 132.0 ditions, et si nous avons perdu la charte où les Brugeois avaient

559.0 2658.0 2114.0 94.0 inscrit les leurs, nous possédons encore, dans celle de Saint¬

2421.0 2723.0 153.0 79.0 urbain

562.0 2737.0 2100.0 115.0 Omer, <.........................> la preuve que le développement est

559.0 2826.0 968.0 97.0 dès lors achevé en Flandre(1).

1736.0 2887.0 144.0 92.0 droit

564.0 2920.0 2093.0 123.0 Un caractère frappant du <...........> municipal<..> de ce

570.0 3014.0 2116.0 129.0 pays, c'est l'uniformité qu'ils présentent. Sans doute, il dut

585.0 3099.0 2095.0 130.0 y avoir à l'origine, des différences locales. Mais, sous le règne de

570.0 3276.0 2104.0 126.0 (1) <........................................> La Flandre ne possède

559.0 3355.0 2112.0 112.0 pas de plus ancienne charte urbaine que celle de S. Omer. C'est à tort qu'on

567.0 3417.0 2104.0 109.0 a voulu faire remonter au XII siècle la charte de Grammont. Ce docu¬
