4090 5056
3461.0 75.0 350.0 262.0 58

2015.0 206.0 118.0 131.0 2

1197.0 337.0 1535.0 198.0 La navigation orientale

2497.0 404.0 914.0 236.0 Syriens et Juifs)

143.0 674.0 1969.0 202.0 Des deux parties de l'Empire la grecque a

101.0 808.0 2049.0 169.0 toujours été plus avancée en civilisation que

105.0 905.0 2045.0 173.0 la latine. Inutile d insister sur ce fait évi¬

101.0 1040.0 257.0 131.0 dent.

105.0 1099.0 2028.0 186.0 Par la mer elle correspond avec l Occident et

113.0 1205.0 2045.0 193.0 le vivifie. C est particulièrement la Syrie où

105.0 1348.0 2079.0 143.0 abondent les Caravanes de l'Inde, Chine et A¬

105.0 1432.0 1994.0 173.0 rabie qui est active Les Syriens sont alors

92.0 1525.0 1999.0 194.0 des routiers de la mer comme les Hollandais

92.0 1664.0 1974.0 164.0 du XVIIe siècle. C est par eux que s'exportent

109.0 1752.0 2066.0 186.0 les épices, les produits industriels des grandes

96.0 1879.0 2062.0 172.0 Villes Orientales, Antioche, Damas, Alexan¬

105.0 1950.0 2121.0 224.0 drie etc. Ils sont dans tous les ports et même

105.0 2056.0 2049.0 223.0 s etablissent à l'intérieur. Sous l'Empire

101.0 2186.0 2040.0 202.0 Ils ont ds établissements à Alexandrie, Rome,

101.0 2317.0 2024.0 202.0 en Espagne, en Gaule en Grande Bretagne et

84.0 2422.0 1703.0 173.0 jusqu'à Carnuntum sur le Danube

96.0 2532.0 1961.0 206.0 Les invasions n'ont en rien changé la

80.0 2616.0 2133.0 232.0 situation. Peut-être Genséric par ses pirateries

96.0 2755.0 2029.0 198.0 a-t-il un peu gêné la navigation, mais en

109.0 2886.0 1885.0 172.0 tous cas elle reparait en plein après lui.

92.0 2999.0 1990.0 186.0 Salvien + c.484, genéralisant sans doute ce

88.0 3071.0 1994.0 211.0 qu'il voit à Marseille parle des Negotiato¬

96.0 3210.0 1982.0 181.0 rum et Syricorum omnium turbas quae

92.0 3328.0 1940.0 173.0 majorem ferme civitatum universarum

101.0 3480.0 932.0 118.0 partem occupant.

109.0 3539.0 1851.0 181.0 L'archéologie confirme cela. Par exemple le

92.0 3652.0 1923.0 161.0 bouclier dit d'Annibal au cabinet des Médailles du

96.0 3733.0 1970.0 193.0 VIIe s. Les coupes d'argent de Valdonne (Bouches du

101.0 3821.0 2036.0 198.0 Rhône) sont revêtues de poinçons de contrôle qu'on

92.0 3947.0 1995.0 173.0 trouve sur les pièces d orfèvrerie syrienne. S.d.

92.0 4053.0 2024.0 164.0 aussi le bouclier de Valentinien du Musée de Ge¬

84.0 4158.0 2049.0 185.0 nêve (Note Bréhier). Les Arabes ont trouvé dans

96.0 4293.0 2003.0 164.0 le palais du dernier roi Wisigoth les psaumes

96.0 4381.0 2526.0 198.0 de David en caractères grecs en lettres d'or (Puig Cadafalch)

101.0 4550.0 1745.0 152.0 Mais les textes sont plus significatifs.

113.0 4651.0 2130.0 198.0 <..... .....>. Bréhier L'art en France, p. 38

2184.0 2245.0 1623.0 211.0 Charles worth 178, 202, 220, 238.

2196.0 2380.0 987.0 173.0 Dobias (note Cumont)

2112.0 3185.0 1122.0 118.0 Fustel monarchie, 257.

2082.0 3315.0 1286.0 211.0 Scheffer B. Βιός. VI, 541

2078.0 3442.0 1172.0 164.0 Brehier Les Colonies 1903

2066.0 3522.0 1399.0 227.0 Ebersolt Orient et Occid 1928
