4090 5056
3685.0 72.0 248.0 273.0 25

140.0 47.0 1992.0 148.0 truit, s intéresse aux questions theologiques

117.0 160.0 1902.0 120.0 et est en rapports constants avec Avitus.

154.0 252.0 1955.0 162.0 Et après Genseric il en est de même des rois

136.0 379.0 892.0 97.0 <.....> Vandales.

130.0 463.0 1993.0 152.0 Pour les Wisigoths c est la même chose, Si¬

120.0 584.0 1995.0 129.0 doine vante la culture de Theodoric II. Il

117.0 693.0 2065.0 141.0 cite à la cour c. ministre Leo qui aurait eté

123.0 803.0 2104.0 149.0 historien, juriste et poete ; Lampridius, professeur

106.0 934.0 2003.0 143.0 de rhétorique et poète. C est lui qui en 455 a

117.0 1066.0 1072.0 91.0 fait Avitus empereur.

148.0 1143.0 1725.0 174.0 Et chez les Francs, le poète Childéric

129.0 1271.0 1915.0 139.0 Et plus on avance, plus la romanisation

117.0 1384.0 2043.0 160.0 s accentue. Gautier, Genséric, p. 270 remar¬

126.0 1494.0 2056.0 160.0 que qu après, Genseric les rois Vandales rentrent

120.0 1589.0 1992.0 157.0 dans l'orbite de l'Empire. Chez les Wisigoths

129.0 1704.0 2045.0 159.0 les progrès de la Romanisation sont incessants.

126.0 1808.0 1952.0 132.0 L Arianisme a disparu partout à la fin

115.0 1941.0 778.0 103.0 du VIe siecle etc.

123.0 2033.0 2011.0 172.0 Encore une fois il n'y a qu'au Nord que le

123.0 2163.0 1997.0 115.0 germanisme se maintienne. Il y a encore

115.0 2258.0 2062.0 149.0 là des payens au VIIe s. Quand les armées d'Aus¬

120.0 2365.0 1983.0 129.0 drasie viennent en Italie au secours des

101.0 2460.0 2133.0 185.0 Ostrogoths, elles leur font horreur et ils aiment

117.0 2588.0 1961.0 145.0 encore mieux appartenir à Byzance qu'aux

120.0 2704.0 332.0 130.0 Francs.

123.0 2828.0 2020.0 164.0 En somme donc la Romania légèrement a¬

117.0 2946.0 2062.0 158.0 brégée vers le Nord subsiste. Evidemment,

109.0 3044.0 2070.0 166.0 elle est fort atteinte. Il y a dans tous les domai¬

112.0 3137.0 2028.0 175.0 nes une régression, dans les arts, les lettres, la

105.0 3248.0 2053.0 147.0 science. Elle vit par sa masse. Periit studia

109.0 3366.0 2039.0 184.0 litterarum dit très bien Grégoire. Mais rien

92.0 3471.0 2075.0 139.0 ne l'a remplacée. Personne ne proteste contre

95.0 3603.0 2031.0 137.0 elle. On ne conçoit pas ni les laïques, ni l'E¬

101.0 3716.0 2050.0 147.0 glise, qu'il y ait une autre forme de civilisation.

103.0 3831.0 2031.0 143.0 Au milieu de tout cela, il n'y a qu'une force mo¬

103.0 3932.0 2017.0 159.0 rale qui subsiste, c'est l'Eglise et pour l'E¬

115.0 4046.0 1963.0 143.0 glise l Empire subsiste encore. Il est la

109.0 4159.0 1992.0 157.0 seule forme de civilisation. Grégoire le Grand

103.0 4266.0 1998.0 157.0 ecrit à l Empereur qu'il regne sur des hommes,

95.0 4376.0 2098.0 118.0 les barbares sur les bêtes. L'Eglise a beau avoir

98.0 4485.0 2000.0 127.0 maille à partir avec les Empereurs de Byzance,

98.0 4583.0 2059.0 137.0 elle leur reste fidèle. Ne sait-elle pas par ses pères

92.0 4712.0 2054.0 149.0 que l Empire Romain est voulu par Dieu et qu'il

2175.0 471.0 1071.0 174.0 Schmidt Stamm I. 302 sq

2103.0 940.0 1849.0 215.0 Ces gens là se moquent des vieux souvenirs

2160.0 1033.0 1876.0 205.0 deleur peuple que Charlemagne fera rassembler.

2432.0 2384.0 924.0 218.0 Hartmann I 284

2387.0 2523.0 1649.0 184.0 D'emprunts aux Germains, il n'y a que les

2304.0 2624.0 1661.0 168.0 noms propres qui ne prouvent rien pour la

2281.0 2675.0 1762.0 177.0 nationalité. Ils sont s.d. venus par courtisanerie.

2306.0 2886.0 1682.0 191.0 Qualitativement c'est la M. chose.
