4090 5056
3605.0 8.0 282.0 206.0 24

75.0 33.0 2082.0 155.0 cela se conserve en Afrique chez les Vandales,

70.0 171.0 2070.0 164.0 les plus germaniques pourtant des barbares

64.0 261.0 2023.0 151.0 du Sud. Ils sont efféminés, amateurs de bains, de

67.0 359.0 2062.0 160.0 luxueuses villas etc. Les poesies de l'Anthologie

70.0 458.0 2008.0 173.0 ecrites sous Hilderic et Thrasamund abondent

70.0 612.0 938.0 116.0 en traits priapesques.

126.0 646.0 1983.0 210.0 On peut conclure que dès l'établissement dans

67.0 755.0 2025.0 183.0 l'empire tous les côtés héroïques et originaux

70.0 876.0 2036.0 160.0 du caractère barbare ont disparu pour faire

75.0 985.0 2043.0 149.0 place à une imbibation romaine. Le sol de

75.0 1087.0 2000.0 163.0 la Romania a bu la vie barbare. Et com¬

73.0 1176.0 2098.0 163.0 ment aurait-il pu en être autrement quand

75.0 1306.0 2012.0 166.0 l'exemple vient d'en haut. Au début sans

70.0 1418.0 2059.0 149.0 doute les rois ne sont encore qu'assez impar¬

75.0 1522.0 2059.0 154.0 faitement romanisés. Euric et Genséric sa¬

67.0 1628.0 2003.0 152.0 vent mal le latin. Mais que dire du plus

76.0 1727.0 2030.0 176.0 grand de tous Théodoric. On en a fait Die¬

75.0 1845.0 2037.0 140.0 trich von Bern au delà des Alpes. Mais ce

81.0 1963.0 1806.0 140.0 qui domine en lui c'est le Byzantin.

88.0 2079.0 1994.0 141.0 Il a été donné à 7 ans comme ôtage par son

87.0 2176.0 1991.0 152.0 père à l'Empereur et a été elevé a Constan¬

78.0 2278.0 1975.0 162.0 tinople jusqu'à l'âge de l8 ans. Zénon le

89.0 2370.0 2023.0 182.0 fait magister militum et patrice et va m.

81.0 2491.0 2053.0 173.0 en 474 jusqu'à l'adopter. Il épouse une prin¬

81.0 2595.0 2056.0 146.0 cesse impériale. En 484 il est fait consul par

75.0 2684.0 2037.0 180.0 l'empereur. Puis après une campagne en Asie

73.0 2792.0 2030.0 148.0 Mineure, on lui élève une statue à Constanti¬

70.0 2894.0 2042.0 159.0 nople. Sa soeur est dame d'honneur de l'im

84.0 3059.0 536.0 117.0 pératrice.

84.0 3106.0 2034.0 204.0 En 536, Evermud, son beau fils, se rend tout

84.0 3258.0 2008.0 162.0 de suite à Bélisaire, préférant aller vivre en

81.0 3359.0 2045.0 183.0 patricien à Constantinople, plutôt que de

78.0 3480.0 2129.0 163.0 défendre la cause de ses compatriotes barbares,

89.0 3575.0 2068.0 180.0 (Hartmann I, 261). Sa fille Amalasuntha est

101.0 3707.0 2000.0 165.0 toute romaine (Ibid 233-237). Theodahat

89.0 3831.0 2152.0 176.0 son gendre se vante d'être platonicien (Procope

95.0 3999.0 618.0 149.0 I, 2.6, 3.1).

117.0 4084.0 2034.0 186.0 Et même chez les Burgondes, quel beau type

103.0 4227.0 2034.0 165.0 de roi national que Gundobad (480-916) qui

101.0 4350.0 2061.0 141.0 en 472 après la + d Ricimer lui a succédé comme

123.0 4452.0 1930.0 170.0 patrice d'Olybrius et fait nommer à sa mort

137.0 4547.0 2110.0 190.0 Glycérius Puis en 480 succède à son frère Chil¬

126.0 4662.0 2227.0 180.0 peric c. roi des Burgondes. D après Schmidt, Stämme

148.0 4789.0 2017.0 146.0 146-149, il est hautement cultivé, éloquent, ins¬

2158.0 2026.0 911.0 161.0 Hartmann I 64 sqq.

2202.0 2283.0 1770.0 255.0 Et voy. sa lettre au roi d Thuringe en lui

2177.0 2384.0 1851.0 251.0 envoyant se nièce " litteris doctam, mori¬

2168.0 2508.0 1593.0 196.0 bus eruditam etc" Schmidt, p 339.

2202.0 4112.0 857.0 222.0 Cf Coville, p.175 sq.
