4090 5056
3744.0 151.0 206.0 202.0 14

1492.0 75.0 232.0 72.0 Attila

139.0 75.0 1969.0 173.0 En 447 des plaines d l Theiss pillé la

143.0 176.0 2041.0 186.0 Mesie et la Thrace jusqu'aux Thermopiles. Puis

143.0 294.0 2070.0 194.0 il se retourne contre la Gaule, franchit le Rhin

143.0 408.0 2049.0 190.0 au printemps de 451 et dévaste jusqu'à la

130.0 522.0 2062.0 181.0 Loire. Aétius, avec les contingents wisigoths

139.0 648.0 2040.0 135.0 d Theodoric l'arrête aux environs de Troies.

143.0 766.0 1998.0 135.0 L art militaire romain et la vaillance ger¬

126.0 838.0 2037.0 177.0 manique ont collaboré. Theodoric réalisant

126.0 943.0 2167.0 181.0 le mot de Wallia sur la gloire de restaurer l Em¬

134.0 1065.0 2016.0 173.0 pire se fait tuer. Et la mort d'Attila en 453

126.0 1179.0 2024.0 177.0 ruine son fragile empire et libère l'Occi¬

126.0 1327.0 1143.0 139.0 dent du péril Mongol.

122.0 1415.0 2003.0 190.0 Mais il reste Genséric. En 460 Majorien

134.0 1571.0 2016.0 156.0 passe les Pyrénées pour gagner l'Afrique par

130.0 1693.0 2037.0 156.0 Gibraltar. Il échoue Genseric ayant capturé la

130.0 1815.0 953.0 144.0 flotte de Carthagène.

134.0 1883.0 2007.0 189.0 le 468 nouvelle tentative qui est un effort

118.0 2026.0 2023.0 143.0 énorme. Leon y aurait dépensé 9 millions de

109.0 2098.0 2117.0 172.0 solidi et équipé 1100 vaisseaux. Une trêve feinte

109.0 2224.0 2024.0 164.0 et des brulots en eurent raison devant le

113.0 2367.0 422.0 139.0 Cap Bon.

101.0 2431.0 2007.0 172.0 <....... cett même ..... .... ... ........>

113.0 2519.0 2037.0 207.0 <... .... ... .. ....> pour s'agrandir.

113.0 2633.0 2028.0 189.0 Lors de l assassinat de Valentinien III leur roi

101.0 2751.0 2053.0 198.0 Theodoric II (453-466) prend texte de cela pour

101.0 2873.0 2053.0 173.0 rompre avec l'Empire et essayer de s etendre

101.0 2987.0 1977.0 168.0 vers la Mediterranné - toujours elle ! En 462

105.0 3092.0 2087.0 139.0 après avoir échoué devant Arles il prend Nar¬

101.0 3202.0 2011.0 147.0 bonne. Après lui Euric (466 -484) attaque les

92.0 3294.0 2121.0 186.0 Suèves d'Espagne et les rejetant en Galice s'em¬

96.0 3408.0 2088.0 160.0 pare de la peninsule. En 469 il s etend en Gaule

109.0 3513.0 1990.0 165.0 jusque à la Loire. A Ravenne l empereur An¬

92.0 3606.0 2016.0 164.0 themius est paralysé par le maitre de milice

88.0 3699.0 2011.0 164.0 Ricimer. Tout ce qu il peut c'est retarder par

105.0 3783.0 2774.0 202.0 des négociations l'occupation de la Provence car n'a pl de flotte

109.0 3943.0 2045.0 135.0 dont Euric s'emparera en 476 après la chute

92.0 4061.0 1160.0 152.0 de Romulus Augustule.

290.0 4242.0 1923.0 152.0 En Gaule les Burgondes établis en Savoye

109.0 4373.0 1969.0 139.0 comme fédérés en 443 et prennent l occasion de

92.0 4478.0 2024.0 144.0 l armée de Majorien au trône impérial (457)

92.0 4596.0 2003.0 131.0 pour s'emparer de Lyon. Majorien le reprend en

101.0 4681.0 2032.0 143.0 458 mais ils y rentrent après son assassinat en

105.0 4786.0 2171.0 143.0 Espagne en 461 et en fait leur capitale et s etendent

113.0 4862.0 2286.0 151.0 ds le bassin du Rhin sauf la Provence. Les voilà nantis.

2340.0 324.0 1593.0 147.0 francs de Childéric . Il y a aussi des Bur¬

2466.0 396.0 1467.0 155.0 gondes. Tous les germains de Gaule agissent

3027.0 471.0 805.0 156.0 donc en bons fédérés.

2238.0 564.0 612.0 169.0 (Halphen, 32)

2154.0 1196.0 1843.0 194.0 pr. l Orient Halphen p. 33. Ils y seront confinés pr

2104.0 1369.0 569.0 147.0 les Bulgares.

2508.0 1495.0 1522.0 211.0 En 455 il profite de l assassinat de Valen¬

2390.0 1605.0 1598.0 168.0 tinie pr ne pas reconnaître Maximus.

2382.0 1702.0 1577.0 168.0 Il entre à Rome le 2 juin 455 (Gautier,

2352.0 1786.0 1172.0 160.0 Ce fut une simple expedition

3744.0 1761.0 206.0 135.0 233)

2462.0 1883.0 750.0 152.0 de pillage (ch.235)

2120.0 2329.0 1856.0 228.0 Cependant, les Wisigoths profitent de tout cela

2441.0 2511.0 1509.0 223.0 En 455 les Wisigoths ont pris part à l'e

2445.0 2637.0 1505.0 181.0 lection d l empreur Gaulois Avitus et se

2458.0 2721.0 1404.0 194.0 fait envoyer pr lui en Espagne contre les

2458.0 2822.0 1370.0 161.0 Suèves. Mais vaincu et pris en 456 par

2470.0 2940.0 1388.0 148.0 Ricimer, Avitus est devenu évêque

2774.0 3046.0 527.0 164.0 Coville, p.121

2445.0 3711.0 1480.0 325.0 407 <......> en Germanie (p. 19)

2559.0 3973.0 1315.0 248.0 D après Coville, ils n'y arrivent que

2576.0 4145.0 346.0 161.0 vers 470

2247.0 4280.0 1619.0 186.0 après avoir été vaincus par Aetius en

2293.0 4381.0 1619.0 186.0 436 p. Aetius et ses mercenaires Huns lors

2281.0 4470.0 1665.0 177.0 de leur attaque contre la Belgique. Ils sont

2281.0 4546.0 1652.0 177.0 établis en Savoye suivant la Tercia. Or, comme le

2272.0 4622.0 1699.0 185.0 fait observer Brunner I, 65-66 ce sont des vaincus. Ce

2432.0 4706.0 1548.0 160.0 genre d'établissement étendu ensuite aux Wi¬

2428.0 4807.0 1539.0 173.0 sigoths et aux Ostrogoths est donc d'ori¬

2386.0 4929.0 628.0 110.0 - gine Romaine.
