<?xml version="1.0" encoding="UTF-8"?>
<alto xmlns:xsi="http://www.w3.org/2001/XMLSchema-instance"
      xmlns="http://www.loc.gov/standards/alto/ns-v4#"
      xsi:schemaLocation="http://www.loc.gov/standards/alto/ns-v4# http://www.loc.gov/standards/alto/v4/alto-4-2.xsd">
  <Description>
    <MeasurementUnit>pixel</MeasurementUnit>
    <sourceImageInformation>
      <fileName>Image00093.tif</fileName>
    </sourceImageInformation>
  </Description>
  <Tags>
    <OtherTag ID="BT25" LABEL="MainZone" DESCRIPTION="block type MainZone"/><OtherTag ID="BT26" LABEL="MarginTextZone" DESCRIPTION="block type MarginTextZone"/><OtherTag ID="BT27" LABEL="TitlePageZone" DESCRIPTION="block type TitlePageZone"/><OtherTag ID="BT28" LABEL="text" DESCRIPTION="block type text"/><OtherTag ID="BT30" LABEL="NumberingZone" DESCRIPTION="block type NumberingZone"/><OtherTag ID="BT31" LABEL="CustomZone:Numbering" DESCRIPTION="block type CustomZone:Numbering"/>
    <OtherTag ID="LT15" LABEL="DefaultLine" DESCRIPTION="line type DefaultLine"/><OtherTag ID="LT16" LABEL="HeadingLine" DESCRIPTION="line type HeadingLine"/><OtherTag ID="LT17" LABEL="InterlinearLine:addition" DESCRIPTION="line type InterlinearLine:addition"/><OtherTag ID="LT18" LABEL="InterlinearLine:correction" DESCRIPTION="line type InterlinearLine:correction"/><OtherTag ID="LT19" LABEL="default" DESCRIPTION="line type default"/>
  </Tags>
  <Layout>
    <Page WIDTH="4090"
          HEIGHT="5056"
          PHYSICAL_IMG_NR="92"
          ID="eSc_dummypage_">
      <PrintSpace HPOS="0"
                  VPOS="0"
                  WIDTH="4090"
                  HEIGHT="5056">
        <TextBlock HPOS="3494"
                   VPOS="123"
                   WIDTH="357"
                   HEIGHT="301"
                   ID="eSc_textblock_faefe49c"
                   TAGREFS="BT30">
          <Shape><Polygon POINTS="3828 157 3851 278 3637 412 3528 424 3494 303 3550 146 3598 123"/></Shape>
          <TextLine ID="eSc_line_4bd7f4a7"
                    TAGREFS="LT15"
                    BASELINE="3523 216 3877 253" 
                    HPOS="3449"
                    VPOS="123"
                    WIDTH="426"
                    HEIGHT="335">
            <Shape><Polygon POINTS="3845 143 3724 151 3668 134 3651 129 3634 129 3612 123 3575 132 3532 204 3449 428 3554 458 3682 279 3875 296 3844 153"/></Shape>
	    <String CONTENT="90"
                    HPOS="3449"
                    VPOS="123"
                    WIDTH="426"
                    HEIGHT="335"></String>
          </TextLine>
        </TextBlock>
        <TextBlock HPOS="11"
                   VPOS="43"
                   WIDTH="2542"
                   HEIGHT="4987"
                   ID="eSc_textblock_9efe675d"
                   TAGREFS="BT25">
          <Shape><Polygon POINTS="11 53 11 5001 2137 5030 2135 4515 2134 4286 2553 4095 2133 3866 2128 2607 2211 1969 2185 43"/></Shape>
          <TextLine ID="eSc_line_fdf3d41e"
                    TAGREFS="LT15"
                    BASELINE="134 101 463 140 657 146 2064 134" 
                    HPOS="132"
                    VPOS="56"
                    WIDTH="1932"
                    HEIGHT="129">
            <Shape><Polygon POINTS="1845 73 1817 73 1789 73 1761 73 1733 70 1730 70 1696 87 1685 95 1637 95 1626 87 1603 70 1592 70 1564 67 1536 67 1533 67 1488 75 1457 67 1452 67 1424 67 1401 64 1365 81 1362 81 1331 64 1311 64 1303 64 1286 78 1269 92 1210 95 1092 95 1070 75 1053 58 1030 58 1002 58 974 58 955 58 941 73 912 92 637 75 634 75 426 92 387 61 382 56 379 56 376 56 373 56 132 56 134 101 155 122 393 157 418 162 494 179 497 179 500 179 502 179 528 162 539 157 547 162 578 182 581 182 584 182 587 182 719 168 811 182 814 182 817 182 848 168 870 157 882 180 938 182 941 182 943 182 946 182 977 168 985 165 988 168 1002 182 1005 182 1008 182 1011 185 1494 185 1494 182 1497 182 1500 182 1505 176 1519 165 1662 179 1685 179 1688 179 1699 179 1803 162 1870 182 1876 182 1879 182 1882 185 2061 185 2064 134 2059 95 1952 95 1946 92 1896 73 1873 73"/></Shape>
	    <String CONTENT="même chose. L&#x27;anecdote racontée par"
                    HPOS="132"
                    VPOS="56"
                    WIDTH="1932"
                    HEIGHT="129"></String>
          </TextLine>
          <TextLine ID="eSc_line_33c50bb7"
                    TAGREFS="LT15"
                    BASELINE="132 223 724 253 2146 241" 
                    HPOS="132"
                    VPOS="137"
                    WIDTH="2014"
                    HEIGHT="182">
            <Shape><Polygon POINTS="151 294 154 294 157 294 160 294 162 294 171 286 185 278 206 266 224 259 276 264 270 283 290 307 317 306 317 303 320 303 323 303 348 286 373 266 455 283 544 303 590 275 681 275 709 269 724 303 809 280 831 275 837 280 851 292 853 292 856 292 972 319 1014 303 1032 300 1067 278 1084 269 1132 278 1278 303 1280 303 1283 303 1286 303 1317 275 1331 266 1460 266 1471 275 1485 286 1488 286 1491 286 1494 286 1559 272 1598 266 1806 266 1814 272 1828 280 1831 280 1834 280 1837 280 1910 269 1938 266 1966 269 2059 283 2061 283 2143 266 2146 241 2134 179 2042 202 1828 188 1825 188 1823 188 1820 188 1788 194 1726 181 1592 176 1581 174 1578 174 1575 174 1573 174 1564 176 1491 210 1345 210 1309 176 1306 176 1303 176 1300 176 1297 176 1255 193 1179 176 1165 174 1162 174 1160 174 1154 176 1095 207 985 182 983 182 786 207 606 176 603 176 601 176 544 207 161 137 132 224 132 286"/></Shape>
	    <String CONTENT="Grégoire VII c.23 p. 305  est ici carac¬"
                    HPOS="132"
                    VPOS="137"
                    WIDTH="2014"
                    HEIGHT="182"></String>
          </TextLine>
          <TextLine ID="eSc_line_3846a7cd"
                    TAGREFS="LT15"
                    BASELINE="123 323 424 356 696 365 2165 325" 
                    HPOS="123"
                    VPOS="269"
                    WIDTH="2042"
                    HEIGHT="165">
            <Shape><Polygon POINTS="358 372 438 412 441 412 443 415 483 420 530 412 533 412 536 412 559 396 811 407 814 407 817 407 854 413 876 389 931 392 960 396 963 396 966 396 985 379 1011 398 1014 398 1016 398 1019 398 1022 398 1061 384 1068 434 1126 401 1129 401 1336 368 1429 382 1432 382 1435 382 1474 365 1483 362 1500 365 1628 399 1657 390 1660 390 1719 365 1775 387 1778 387 1780 387 1783 387 1786 387 1828 359 1831 356 2165 353 2165 325 2157 289 2109 292 2101 289 2067 272 2064 272 2061 272 1960 289 1955 289 1952 289 1907 269 1904 269 1901 269 1898 269 1856 289 1842 297 1825 289 1811 283 1809 283 1806 283 1769 289 1730 297 1710 289 1668 272 1665 272 1567 272 1564 272 1561 272 1514 292 1488 303 1379 303 1374 282 1339 291 1308 301 1284 316 1266 318 1251 322 1212 322 1174 325 1137 329 1116 329 1094 317 1086 312 1081 314 1043 303 1029 309 1008 320 973 325 842 317 806 294 792 289 789 289 786 289 783 289 780 289 772 294 741 320 542 325 492 311 471 306 452 294 449 294 446 294 350 294 284 324 231 269 196 274 123 323 123 357"/></Shape>
	    <String CONTENT="téristique. Il y est question du Juif Armen"
                    HPOS="123"
                    VPOS="269"
                    WIDTH="2042"
                    HEIGHT="165"></String>
          </TextLine>
          <TextLine ID="eSc_line_a720204d"
                    TAGREFS="LT15"
                    BASELINE="117 412 446 440 814 446 1427 428 2177 407" 
                    HPOS="117"
                    VPOS="351"
                    WIDTH="2060"
                    HEIGHT="160">
            <Shape><Polygon POINTS="326 455 387 494 390 494 427 511 485 476 901 483 904 483 1039 471 1042 471 1044 471 1061 457 1081 474 1084 474 1087 474 1375 474 1744 446 1780 466 1783 466 1786 466 1789 466 1792 466 1817 446 1848 460 1851 460 1900 443 2028 440 2101 436 2115 457 2118 457 2177 429 2177 407 2168 373 2047 373 2042 373 1983 351 1980 351 1977 351 1974 351 1971 351 1935 373 1927 379 1785 399 1744 376 1727 370 1724 370 1662 407 1546 415 1530 387 1514 376 1505 370 1502 370 1500 370 1497 370 1452 376 1418 382 1390 376 1355 383 1338 383 1322 378 1301 374 1278 400 1245 412 1151 417 1103 416 1086 427 1077 432 1065 436 1053 431 1037 431 1024 419 984 408 939 403 925 407 914 405 896 401 868 404 847 424 837 417 665 410 584 410 539 424 494 430 470 428 447 422 416 414 340 376 164 362 117 412 117 444"/></Shape>
	    <String CONTENT="tarius qui avec UN corréligionnaire et deux"
                    HPOS="117"
                    VPOS="351"
                    WIDTH="2060"
                    HEIGHT="160"></String>
          </TextLine>
          <TextLine ID="eSc_line_21639aea"
                    TAGREFS="LT15"
                    BASELINE="117 502 443 533 2194 506" 
                    HPOS="117"
                    VPOS="452"
                    WIDTH="2068"
                    HEIGHT="123">
            <Shape><Polygon POINTS="390 556 441 575 443 575 446 575 563 566 609 560 659 552 699 558 921 570 924 570 926 570 1011 547 1188 564 1191 564 1390 536 1393 536 1460 561 1463 561 1466 561 1469 561 1522 533 1551 567 1577 547 1634 540 1872 538 1921 557 1924 556 1945 535 1988 539 2185 522 2185 502 2182 466 2105 472 2066 467 2013 465 1992 491 1894 484 1853 479 1830 484 1801 484 1769 452 1766 452 1764 452 1761 452 1741 466 1727 474 1696 466 1660 455 1657 455 1654 455 1587 466 1502 477 1362 491 1339 466 1227 480 1202 463 1196 460 1193 460 1191 460 1188 460 1185 460 1182 460 1179 463 1151 483 1073 512 1011 483 971 492 942 496 934 498 917 506 910 505 896 502 873 486 861 480 836 493 811 505 801 503 766 492 722 500 708 495 563 515 392 516 345 504 331 463 325 460 323 460 320 460 317 460 311 463 271 462 230 463 227 463 117 463 117 502 126 530"/></Shape>
	    <String CONTENT="chrétiens vient à tour pour exiger les cautions"
                    HPOS="117"
                    VPOS="452"
                    WIDTH="2068"
                    HEIGHT="123"
                    WC="0.9919256766637167"></String>
          </TextLine>
          <TextLine ID="eSc_line_cf170778"
                    TAGREFS="LT15"
                    BASELINE="132 609 609 629 2059 592" 
                    HPOS="132"
                    VPOS="544"
                    WIDTH="1927"
                    HEIGHT="124">
            <Shape><Polygon POINTS="132 665 292 648 367 648 384 660 393 668 396 668 398 668 401 668 702 651 780 647 814 648 1028 657 1030 657 1182 640 1250 632 1266 637 1303 651 1306 651 1309 651 1398 637 1477 648 1480 648 1483 648 1553 629 1570 626 1589 629 1679 643 1682 643 1764 623 1772 623 1789 623 1927 632 1929 632 2059 615 2059 592 2050 550 2002 550 1997 550 1978 551 1957 544 1949 546 1936 561 1923 569 1901 576 1882 558 1868 550 1855 554 1849 544 1829 548 1814 558 1797 555 1754 563 1734 551 1717 559 1711 563 1698 571 1680 575 1660 564 1564 560 1537 582 1485 550 1483 550 1480 550 1446 567 1382 556 1379 556 1376 556 1274 560 1053 567 1050 567 929 594 862 584 778 577 741 617 725 604 698 599 660 607 647 589 613 588 594 585 539 584 513 612 407 601 341 598 297 579 142 570 132 609"/></Shape>
	    <String CONTENT="qu ils avaient avancées &quot;propter tributa"
                    HPOS="132"
                    VPOS="544"
                    WIDTH="1927"
                    HEIGHT="124"></String>
          </TextLine>
          <TextLine ID="eSc_line_09f96a63"
                    TAGREFS="LT15"
                    BASELINE="117 705 721 719 1315 699 2059 674" 
                    HPOS="117"
                    VPOS="620"
                    WIDTH="1942"
                    HEIGHT="141">
            <Shape><Polygon POINTS="117 738 323 738 325 738 460 761 463 761 483 753 522 747 676 755 679 755 682 755 685 755 707 738 727 752 730 752 733 752 735 752 1053 747 1056 747 1165 719 1196 741 1199 741 1202 741 1205 744 1286 744 1313 757 1407 716 1862 702 1921 719 1924 719 1927 719 2059 693 2059 674 2047 623 1983 643 1904 626 1873 620 1870 620 1823 629 1702 648 1615 634 1612 634 1523 650 1464 661 1452 643 1327 685 1230 640 1224 640 1221 640 1219 640 1216 640 1213 640 1213 643 1191 662 806 671 758 654 755 654 752 654 750 654 747 654 719 674 466 679 440 693 369 658 318 656 177 661 132 673 117 705"/></Shape>
	    <String CONTENT="publica&quot; au vicarius Injuriosus et au"
                    HPOS="117"
                    VPOS="620"
                    WIDTH="1942"
                    HEIGHT="141"></String>
          </TextLine>
          <TextLine ID="eSc_line_2d1d78d7"
                    TAGREFS="LT15"
                    BASELINE="126 774 455 808 806 808 2087 766" 
                    HPOS="126"
                    VPOS="707"
                    WIDTH="1961"
                    HEIGHT="141">
            <Shape><Polygon POINTS="612 848 615 848 794 831 839 842 842 842 845 842 848 842 851 842 876 823 1345 831 1359 833 1907 792 2044 808 2047 808 2050 808 2087 786 2087 766 2084 738 1980 707 1977 707 1974 707 1971 707 1969 707 1946 724 1879 710 1876 710 1873 710 1817 738 1811 741 1800 738 1705 716 1702 716 1699 716 1696 716 1662 741 1657 744 1474 749 1394 741 1344 753 1326 766 1315 772 1303 773 1289 767 1275 768 1168 755 1148 744 1126 727 1123 727 1120 727 1118 727 1073 730 1070 730 1067 730 1050 744 1033 758 994 747 991 747 988 747 856 766 605 777 568 769 533 771 524 776 506 764 490 756 457 773 438 778 411 774 387 747 376 744 373 744 343 751 151 737 126 775 126 828"/></Shape>
	    <String CONTENT="comte Eunomius. Ceux-ci promettent de"
                    HPOS="126"
                    VPOS="707"
                    WIDTH="1961"
                    HEIGHT="141"></String>
          </TextLine>
          <TextLine ID="eSc_line_e6a41293"
                    TAGREFS="LT15"
                    BASELINE="126 870 494 896 783 896 1778 863 1784 863 2134 851" 
                    HPOS="126"
                    VPOS="797"
                    WIDTH="2008"
                    HEIGHT="141">
            <Shape><Polygon POINTS="373 921 455 938 457 938 733 932 735 932 761 918 783 932 786 932 789 932 792 932 1019 926 1022 926 1025 926 1047 907 1314 898 1348 915 1351 915 1353 918 1441 918 1441 915 1443 915 1446 915 1471 896 1559 912 1561 912 1564 912 1567 912 1615 884 1654 898 1657 898 1660 898 1723 901 1736 881 1778 907 1780 907 1783 907 1786 907 1943 881 2019 896 2022 896 2132 870 2134 851 2129 817 1915 797 1912 797 1910 797 1848 820 1839 823 1834 820 1811 803 1809 803 1806 803 1803 803 1800 803 1758 817 1707 803 1705 803 1702 803 1699 803 1696 803 1674 823 1668 823 1618 806 1615 806 1612 806 1609 806 1556 823 1528 831 1488 823 1475 830 1443 826 1401 838 1376 848 1345 837 1331 844 1317 836 1299 836 1272 832 1236 849 1210 851 1199 852 1175 846 1064 831 1061 831 845 848 794 834 792 834 789 834 786 834 783 834 755 853 550 853 480 839 477 839 474 839 471 839 443 859 342 839 150 835 126 842 126 870 129 911"/></Shape>
	    <String CONTENT="rembourser &quot;cum usuris&quot; De plus, le tribu¬"
                    HPOS="126"
                    VPOS="797"
                    WIDTH="2008"
                    HEIGHT="141"></String>
          </TextLine>
          <TextLine ID="eSc_line_5018ce38"
                    TAGREFS="LT15"
                    BASELINE="134 960 410 983 820 983 2109 943" 
                    HPOS="113"
                    VPOS="884"
                    WIDTH="1996"
                    HEIGHT="141">
            <Shape><Polygon POINTS="138 1000 612 1025 615 1025 1002 997 1053 1014 1056 1014 1059 1014 1334 985 1348 985 1351 985 1393 1002 1396 1002 1398 1002 1626 985 1657 999 1660 999 1662 999 1665 999 1705 983 1814 997 1817 997 2106 966 2109 943 2101 884 1997 887 1994 887 1941 915 1654 915 1618 896 1615 896 1612 896 1609 896 1553 924 1404 926 1342 901 1339 901 1337 901 1334 901 1331 901 1331 904 1296 915 1103 915 1101 915 1098 915 1095 915 1067 938 966 940 942 948 899 938 860 936 812 945 800 947 785 950 758 956 733 943 705 943 669 939 625 951 624 944 603 949 564 949 533 921 530 921 528 921 525 921 522 921 474 946 401 924 398 924 181 911 132 926 113 944"/></Shape>
	    <String CONTENT="nus Medardus leur aurait aussi emprunté"
                    HPOS="113"
                    VPOS="884"
                    WIDTH="1996"
                    HEIGHT="141"></String>
          </TextLine>
          <TextLine ID="eSc_line_5292cabb"
                    TAGREFS="LT15"
                    BASELINE="120 1050 353 1075 657 1084 2103 1047" 
                    HPOS="117"
                    VPOS="991"
                    WIDTH="1986"
                    HEIGHT="165">
            <Shape><Polygon POINTS="133 1091 303 1103 338 1114 369 1102 388 1118 383 1146 404 1156 435 1121 550 1115 648 1126 651 1126 654 1126 710 1101 786 1120 789 1120 792 1120 794 1120 839 1103 868 1120 870 1120 873 1120 876 1123 966 1123 966 1120 969 1120 971 1120 1005 1101 1348 1103 1351 1103 1353 1103 1410 1081 1494 1101 1497 1101 1500 1101 1567 1078 1646 1098 1648 1098 1651 1098 1842 1075 2056 1095 2059 1095 2061 1095 2064 1095 2103 1070 2103 1047 2101 1014 2056 991 2053 991 2050 991 1975 1010 1937 993 1915 1014 1853 1002 1851 1002 1750 1014 1730 1016 1721 1014 1668 997 1665 997 1662 997 1660 997 1657 997 1634 1014 1609 994 1606 994 1603 994 1536 994 1533 994 1530 994 1485 1016 1477 1019 1457 1016 1412 1008 1410 1008 1407 1008 1404 1008 1404 1011 1398 1016 1384 1028 1292 1016 1261 1014 1258 1014 1255 1014 1252 1014 1250 1016 1227 1033 1075 1033 1047 1019 1044 1019 1042 1019 918 1036 884 1019 882 1019 879 1019 876 1019 800 1039 755 1019 738 1011 735 1011 733 1011 730 1011 727 1011 716 1019 676 1042 620 1028 617 1028 615 1028 452 1042 401 1028 398 1028 396 1028 331 1039 306 1019 303 1019 300 1019 170 1006 117 1019 120 1050"/></Shape>
	    <String CONTENT="de l&#x27;argent. Les créanciers sont assassinés"
                    HPOS="117"
                    VPOS="991"
                    WIDTH="1986"
                    HEIGHT="165"></String>
          </TextLine>
          <TextLine ID="eSc_line_f8406d1d"
                    TAGREFS="LT15"
                    BASELINE="120 1157 347 1171 471 1179 1112 1182 2165 1151" 
                    HPOS="117"
                    VPOS="1092"
                    WIDTH="2048"
                    HEIGHT="141">
            <Shape><Polygon POINTS="137 1180 407 1210 452 1233 455 1233 457 1233 460 1233 463 1233 485 1219 516 1233 519 1233 522 1233 525 1233 528 1233 553 1213 679 1213 735 1227 738 1227 741 1227 1024 1227 1103 1224 1106 1224 1109 1224 1112 1224 1115 1224 1134 1207 1449 1219 1452 1219 1455 1219 1511 1202 1536 1196 1544 1202 1553 1210 1556 1210 1559 1210 1776 1230 1800 1213 1803 1213 1806 1213 1817 1202 1837 1188 1918 1188 1943 1202 1955 1210 1957 1210 1960 1210 1963 1213 2008 1213 2008 1210 2011 1210 2014 1210 2025 1202 2044 1185 2162 1199 2165 1151 2154 1092 2081 1120 1943 1095 1938 1095 1935 1095 1932 1095 1862 1123 1792 1109 1789 1109 1710 1126 1629 1101 1626 1101 1623 1101 1620 1101 1528 1134 1455 1134 1424 1106 1421 1106 1418 1106 1415 1106 1412 1106 1325 1134 1238 1117 1235 1117 1233 1117 1230 1117 1199 1137 912 1140 831 1137 800 1112 797 1112 794 1112 792 1112 789 1112 786 1112 752 1121 702 1115 699 1115 691 1115 637 1140 581 1115 578 1115 575 1115 494 1146 446 1131 443 1131 424 1160 377 1158 356 1117 353 1117 351 1117 153 1109 117 1120 120 1157"/></Shape>
	    <String CONTENT="par leurs débiteurs pendant un banquet qu&#x27;ils"
                    HPOS="117"
                    VPOS="1092"
                    WIDTH="2048"
                    HEIGHT="141"></String>
          </TextLine>
          <TextLine ID="eSc_line_61c2488c"
                    TAGREFS="LT15"
                    BASELINE="113 1215 176 1229 452 1289 730 1294" 
                    HPOS="103"
                    VPOS="1183"
                    WIDTH="627"
                    HEIGHT="151">
            <Shape><Polygon POINTS="275 1294 317 1320 320 1320 323 1320 398 1325 401 1325 404 1325 446 1306 474 1325 477 1325 480 1325 589 1328 592 1328 595 1328 598 1328 612 1317 623 1331 626 1331 626 1334 629 1334 632 1334 634 1334 637 1334 640 1334 705 1316 724 1311 730 1294 724 1252 705 1258 693 1249 674 1233 674 1230 671 1230 668 1230 620 1227 617 1227 615 1227 612 1227 584 1244 570 1252 471 1249 452 1238 401 1216 398 1216 305 1207 155 1183 103 1240"/></Shape>
	    <String CONTENT="leur offrent."
                    HPOS="103"
                    VPOS="1183"
                    WIDTH="627"
                    HEIGHT="151"></String>
          </TextLine>
          <TextLine ID="eSc_line_940b0749"
                    TAGREFS="LT15"
                    BASELINE="131 1327 387 1379 834 1381 1429 1362 1643 1356 2177 1339" 
                    HPOS="120"
                    VPOS="1267"
                    WIDTH="2057"
                    HEIGHT="184">
            <Shape><Polygon POINTS="123 1387 328 1407 396 1426 398 1426 401 1426 581 1412 606 1429 609 1429 612 1429 615 1429 780 1418 831 1435 856 1436 971 1404 1059 1426 1061 1426 1064 1426 1067 1426 1070 1426 1070 1424 1098 1398 1143 1424 1146 1424 1185 1447 1221 1451 1232 1432 1271 1402 1300 1421 1303 1421 1348 1393 1353 1393 1438 1410 1441 1410 1443 1410 1446 1410 1469 1393 1474 1387 1483 1393 1508 1404 1511 1404 1514 1404 1606 1390 1629 1387 1643 1390 1716 1410 1719 1410 1721 1410 1724 1410 1778 1390 1820 1410 1823 1410 1825 1410 1924 1387 2002 1367 2171 1381 2177 1339 2171 1303 2115 1276 2092 1292 2089 1292 2056 1303 2047 1306 2039 1303 1986 1275 1983 1275 1980 1275 1977 1275 1974 1275 1974 1278 1943 1303 1938 1311 1794 1317 1752 1306 1702 1289 1699 1289 1696 1289 1693 1289 1646 1300 1550 1286 1547 1286 1544 1286 1500 1306 1460 1328 1396 1318 1252 1314 1250 1314 1247 1314 1244 1314 1216 1328 1176 1308 1154 1300 1151 1300 1148 1300 1146 1300 1143 1300 1126 1311 1078 1339 730 1345 660 1328 657 1328 654 1328 651 1328 589 1345 547 1322 544 1322 542 1322 471 1337 412 1343 336 1335 291 1318 172 1267 120 1317 123 1351"/></Shape>
	    <String CONTENT="Voici donc un exemple qui a dû se reproduire"
                    HPOS="120"
                    VPOS="1267"
                    WIDTH="2057"
                    HEIGHT="184"></String>
          </TextLine>
          <TextLine ID="eSc_line_c7cdd018"
                    TAGREFS="LT15"
                    BASELINE="112 1440 297 1471 536 1488 2134 1446" 
                    HPOS="112"
                    VPOS="1388"
                    WIDTH="2022"
                    HEIGHT="148">
            <Shape><Polygon POINTS="359 1511 494 1536 497 1536 778 1513 820 1528 823 1528 825 1528 828 1528 887 1511 1078 1519 1081 1519 1255 1494 1370 1516 1420 1532 1494 1513 1497 1513 1553 1491 1654 1499 1657 1499 1660 1499 1724 1483 1783 1499 1786 1499 1789 1499 1792 1499 1842 1483 1915 1494 1918 1494 1921 1494 1924 1494 1941 1480 2073 1485 2075 1485 2078 1485 2134 1466 2134 1446 2129 1407 2006 1388 1929 1404 1927 1404 1912 1407 1873 1421 1828 1410 1800 1401 1797 1401 1794 1401 1792 1401 1775 1410 1758 1418 1744 1410 1716 1396 1713 1396 1710 1396 1626 1412 1559 1424 1530 1412 1505 1401 1502 1401 1500 1401 1497 1401 1455 1412 1390 1432 1272 1421 1269 1421 1266 1421 1243 1429 1221 1455 1201 1458 1135 1452 1095 1438 1047 1421 1044 1421 1042 1421 1039 1421 1036 1421 1005 1440 833 1447 773 1434 738 1428 573 1446 542 1426 539 1426 536 1426 533 1426 530 1426 485 1446 446 1426 443 1424 441 1424 438 1424 421 1426 299 1422 146 1402 112 1440 125 1491"/></Shape>
	    <String CONTENT="suivant le crédit avancé à des fonctionnaires"
                    HPOS="112"
                    VPOS="1388"
                    WIDTH="2022"
                    HEIGHT="148"></String>
          </TextLine>
          <TextLine ID="eSc_line_57dd20b2"
                    TAGREFS="LT15"
                    BASELINE="115 1550 384 1572 938 1578 2134 1536" 
                    HPOS="115"
                    VPOS="1480"
                    WIDTH="2019"
                    HEIGHT="174">
            <Shape><Polygon POINTS="317 1601 466 1631 469 1631 657 1612 918 1615 921 1615 924 1615 926 1615 926 1612 949 1592 1000 1617 1002 1617 1068 1654 1162 1603 1219 1615 1221 1615 1224 1615 1278 1592 1314 1609 1317 1609 1320 1609 1438 1587 1713 1592 1716 1592 1719 1592 1721 1592 1741 1578 1952 1564 2028 1575 2134 1556 2134 1536 2129 1483 2087 1480 2084 1480 2081 1480 2078 1480 2075 1483 2042 1505 2000 1485 1997 1485 1887 1485 1884 1485 1882 1485 1879 1485 1842 1505 1800 1488 1797 1488 1794 1488 1792 1488 1789 1488 1758 1513 1648 1516 1601 1491 1598 1491 1595 1491 1592 1491 1589 1491 1584 1494 1530 1519 1510 1530 1464 1537 1446 1539 1393 1542 1348 1537 1275 1525 1250 1511 1247 1511 1244 1511 1241 1511 1238 1511 1235 1511 1216 1528 912 1522 910 1522 907 1522 848 1536 755 1522 752 1522 750 1522 693 1539 640 1513 637 1513 634 1513 632 1513 629 1513 587 1542 539 1542 511 1516 508 1516 505 1516 502 1516 500 1516 497 1516 457 1542 342 1522 339 1522 151 1509 115 1550 122 1576"/></Shape>
	    <String CONTENT="par des chrétiens et des juifs associés. Suivant"
                    HPOS="115"
                    VPOS="1480"
                    WIDTH="2019"
                    HEIGHT="174"></String>
          </TextLine>
          <TextLine ID="eSc_line_2f7b7b91"
                    TAGREFS="LT15"
                    BASELINE="109 1643 502 1685 2196 1648" 
                    HPOS="106"
                    VPOS="1574"
                    WIDTH="2090"
                    HEIGHT="159">
            <Shape><Polygon POINTS="123 1663 280 1702 359 1730 362 1730 365 1733 483 1733 483 1730 800 1721 803 1721 838 1724 957 1721 960 1721 1299 1699 1421 1716 1424 1716 1427 1716 1429 1716 1469 1690 1671 1696 1674 1696 1677 1696 1716 1682 1721 1679 1724 1679 1778 1699 1780 1699 1783 1699 1786 1699 1828 1679 1831 1676 2025 1674 2036 1676 2075 1693 2078 1693 2081 1693 2193 1674 2196 1648 2188 1609 2115 1609 2109 1609 2050 1584 2047 1584 2044 1584 2042 1584 1977 1601 1897 1574 1825 1587 1823 1587 1820 1587 1792 1609 1786 1615 1682 1620 1654 1609 1612 1589 1609 1589 1606 1589 1603 1589 1542 1609 1485 1629 1289 1629 1203 1630 1182 1603 1179 1603 1176 1603 1089 1656 1008 1650 452 1643 323 1609 317 1609 314 1609 188 1588 106 1609 109 1643"/></Shape>
	    <String CONTENT="toute apparence, ceux-ci avaient constitué leur"
                    HPOS="106"
                    VPOS="1574"
                    WIDTH="2090"
                    HEIGHT="159"></String>
          </TextLine>
          <TextLine ID="eSc_line_827b1a43"
                    TAGREFS="LT15"
                    BASELINE="112 1724 179 1742 398 1804 1677 1763" 
                    HPOS="116"
                    VPOS="1690"
                    WIDTH="1561"
                    HEIGHT="171">
            <Shape><Polygon POINTS="163 1790 387 1845 556 1837 634 1822 785 1861 825 1831 828 1831 831 1831 831 1828 848 1814 1016 1828 1019 1828 1022 1828 1089 1811 1123 1825 1126 1825 1129 1825 1252 1803 1421 1817 1424 1817 1427 1817 1488 1789 1673 1795 1677 1763 1668 1719 1188 1741 1140 1719 1132 1716 1129 1716 1126 1716 1123 1716 1115 1719 1073 1741 1008 1724 1005 1724 1002 1724 1000 1724 932 1747 730 1735 727 1735 724 1735 721 1735 705 1749 601 1738 598 1738 595 1738 553 1752 469 1752 457 1767 433 1760 411 1738 394 1747 377 1760 351 1750 265 1701 130 1690 116 1751"/></Shape>
	    <String CONTENT="capital au moyen du commerce."
                    HPOS="116"
                    VPOS="1690"
                    WIDTH="1561"
                    HEIGHT="171"></String>
          </TextLine>
          <TextLine ID="eSc_line_989d08b5"
                    TAGREFS="LT15"
                    BASELINE="132 1870 387 1907 685 1915 2154 1853" 
                    HPOS="132"
                    VPOS="1797"
                    WIDTH="2022"
                    HEIGHT="203">
            <Shape><Polygon POINTS="249 1915 331 1969 373 1977 376 1977 423 1990 480 2000 527 1963 547 1948 599 1943 679 1957 682 1957 685 1957 733 1938 854 1974 870 1960 873 1960 918 1938 1070 1929 1112 1943 1115 1943 1118 1943 1120 1943 1221 1918 1250 1938 1252 1938 1255 1938 1258 1938 1412 1912 1505 1924 1508 1924 1511 1924 1514 1924 1544 1901 1606 1921 1609 1921 1612 1921 1615 1921 1705 1898 1755 1915 1758 1915 1761 1915 1764 1915 1811 1890 1974 1887 2025 1907 2028 1907 2030 1907 2033 1907 2154 1873 2154 1853 2148 1808 1963 1808 1960 1808 1957 1808 1955 1808 1952 1811 1924 1831 1823 1814 1820 1814 1817 1814 1814 1814 1811 1814 1794 1828 1775 1814 1766 1808 1764 1808 1761 1808 1758 1808 1755 1808 1730 1814 1685 1828 1668 1817 1662 1811 1660 1811 1657 1811 1654 1811 1651 1811 1634 1817 1573 1839 1516 1820 1485 1808 1483 1808 1480 1808 1477 1808 1474 1808 1460 1820 1435 1845 1331 1851 1230 1825 1207 1820 1205 1820 1202 1820 1199 1820 1196 1820 1188 1825 1146 1856 1120 1845 1118 1845 1115 1845 1112 1845 1109 1845 1087 1859 1005 1831 1000 1828 997 1828 994 1828 991 1828 988 1828 988 1831 941 1867 862 1867 806 1842 803 1842 800 1842 797 1842 786 1860 761 1870 699 1839 696 1839 693 1839 691 1839 629 1865 589 1848 587 1848 584 1848 581 1848 578 1848 539 1873 452 1859 449 1859 446 1859 443 1859 415 1876 348 1870 314 1842 311 1842 308 1842 306 1842 175 1797 132 1870 137 1895"/></Shape>
	    <String CONTENT="Et voyez qu&#x27;ils le prêtent à interet : cum usu¬"
                    HPOS="132"
                    VPOS="1797"
                    WIDTH="2022"
                    HEIGHT="203"></String>
          </TextLine>
          <TextLine ID="eSc_line_fe90cd93"
                    TAGREFS="LT15"
                    BASELINE="132 1980 311 2013 699 2022 2123 1969" 
                    HPOS="123"
                    VPOS="1912"
                    WIDTH="2000"
                    HEIGHT="155">
            <Shape><Polygon POINTS="172 1998 262 2045 469 2067 471 2067 474 2067 514 2047 575 2067 578 2067 581 2067 786 2044 831 2058 834 2058 837 2058 921 2039 949 2056 952 2056 955 2056 957 2056 1050 2053 1185 2030 1325 2044 1328 2044 1331 2044 1393 2025 1542 2030 1544 2030 1662 2008 1719 1999 1764 2008 1857 2038 1893 2028 1896 2028 1943 2002 2123 1997 2123 1969 2120 1935 2070 1912 2067 1912 2064 1912 2061 1912 1994 1935 1986 1940 1823 1940 1817 1938 1783 1912 1780 1912 1778 1912 1775 1912 1772 1912 1721 1935 1654 1915 1651 1915 1648 1915 1646 1915 1643 1915 1609 1940 1592 1954 1559 1943 1556 1943 1553 1943 1087 1969 1044 1949 1042 1949 1039 1949 1036 1949 957 1974 887 1963 858 1989 775 1980 716 1963 713 1963 710 1963 668 1971 643 1952 640 1949 637 1949 634 1949 632 1949 629 1949 617 1954 573 1971 557 1966 545 1968 534 1981 520 1989 513 1998 487 2003 468 2003 403 1998 344 1980 327 1971 305 1974 261 1974 231 1947 141 1915 132 1980 123 2000"/></Shape>
	    <String CONTENT="ris. Car c&#x27;est encore une preuve de la grande"
                    HPOS="123"
                    VPOS="1912"
                    WIDTH="2000"
                    HEIGHT="155"></String>
          </TextLine>
          <TextLine ID="eSc_line_042d651d"
                    TAGREFS="LT15"
                    BASELINE="119 2067 281 2133 682 2131 2098 2092" 
                    HPOS="119"
                    VPOS="2002"
                    WIDTH="1979"
                    HEIGHT="172">
            <Shape><Polygon POINTS="502 2174 505 2174 648 2171 651 2171 688 2151 705 2168 707 2168 710 2168 713 2171 800 2171 800 2168 873 2154 976 2171 1005 2162 1008 2162 1084 2143 1146 2160 1148 2160 1151 2160 1398 2134 1457 2148 1460 2148 1463 2148 1466 2148 1544 2129 1547 2129 1559 2129 1730 2137 1733 2137 1736 2137 1738 2137 1738 2134 1750 2123 1752 2123 1764 2123 1927 2140 1929 2140 1932 2140 1977 2117 1983 2117 2098 2117 2098 2092 2089 2033 2000 2053 1901 2036 1879 2033 1876 2033 1873 2033 1870 2033 1870 2036 1868 2036 1842 2061 1617 2051 1564 2044 1559 2042 1556 2042 1511 2042 1508 2042 1505 2042 1502 2042 1502 2044 1500 2044 1476 2029 1435 2044 1429 2044 1427 2044 1424 2044 1421 2044 1418 2044 1418 2047 1382 2070 1368 2058 1365 2058 1362 2058 1359 2058 1266 2072 1171 2050 1160 2050 1157 2050 1143 2053 1028 2069 924 2067 921 2067 556 2092 505 2092 469 2067 466 2067 463 2067 460 2067 457 2067 314 2087 160 2002 119 2096 236 2156"/></Shape>
	    <String CONTENT="importance du capital mobilier à cette é¬"
                    HPOS="119"
                    VPOS="2002"
                    WIDTH="1979"
                    HEIGHT="172"></String>
          </TextLine>
          <TextLine ID="eSc_line_8a9c091b"
                    TAGREFS="LT15"
                    BASELINE="120 2161 248 2210 365 2230 750 2238 2098 2193" 
                    HPOS="112"
                    VPOS="2129"
                    WIDTH="1986"
                    HEIGHT="193">
            <Shape><Polygon POINTS="216 2261 246 2262 311 2263 348 2289 351 2289 353 2289 364 2280 417 2322 456 2292 570 2275 573 2275 575 2275 592 2258 615 2275 617 2275 620 2275 623 2275 710 2263 733 2280 735 2280 738 2280 741 2280 882 2263 1022 2272 1025 2272 1028 2272 1087 2252 1151 2266 1154 2266 1303 2249 1500 2261 1502 2261 1505 2261 1575 2235 1603 2247 1606 2247 1609 2247 1738 2224 1780 2241 1783 2241 1786 2241 1789 2241 1834 2221 1837 2221 1927 2235 1929 2235 1932 2235 1960 2221 1997 2241 2000 2241 2002 2241 2005 2241 2098 2213 2098 2193 2095 2157 2025 2129 2022 2129 2019 2129 2016 2129 1963 2145 1932 2131 1929 2131 1927 2131 1924 2131 1921 2131 1921 2134 1896 2157 1896 2160 1893 2157 1831 2134 1828 2134 1738 2131 1736 2131 1733 2131 1640 2154 1542 2137 1539 2137 1536 2137 1485 2162 1434 2165 1337 2174 1317 2162 1303 2154 1300 2154 1297 2154 1294 2154 1292 2154 1289 2154 1275 2162 1252 2176 1193 2165 1182 2162 1179 2162 1176 2162 1168 2165 1106 2179 1089 2165 1081 2157 1078 2157 1075 2157 1005 2157 1002 2157 1000 2157 977 2182 926 2179 907 2165 893 2157 890 2157 887 2157 884 2157 882 2157 862 2168 853 2171 831 2168 803 2162 800 2162 797 2162 786 2168 744 2190 651 2176 648 2176 329 2195 143 2136 112 2196 122 2222"/></Shape>
	    <String CONTENT="poque que la licéité de l&#x27;intérêt. Tout le"
                    HPOS="112"
                    VPOS="2129"
                    WIDTH="1986"
                    HEIGHT="193"></String>
          </TextLine>
          <TextLine ID="eSc_line_c9a508b8"
                    TAGREFS="LT15"
                    BASELINE="114 2279 126 2282 468 2361 2120 2311" 
                    HPOS="102"
                    VPOS="2233"
                    WIDTH="2018"
                    HEIGHT="174">
            <Shape><Polygon POINTS="356 2362 376 2379 379 2379 382 2379 384 2379 387 2379 426 2367 457 2393 460 2393 463 2393 466 2395 530 2395 557 2407 750 2376 809 2401 842 2387 845 2387 898 2370 971 2384 974 2384 1106 2356 1339 2356 1441 2379 1443 2379 1601 2351 1654 2365 1657 2365 1660 2365 1806 2339 1915 2348 1918 2348 2002 2334 2008 2334 2011 2334 2050 2351 2053 2351 2056 2351 2059 2351 2120 2331 2120 2311 2115 2269 2022 2252 2019 2252 2016 2252 1966 2269 1929 2280 1839 2269 1741 2258 1738 2258 1736 2258 1699 2269 1660 2283 1514 2272 1505 2272 1502 2272 1500 2272 1466 2286 1432 2272 1418 2266 1415 2266 1412 2266 1410 2266 1407 2266 1401 2272 1376 2289 1261 2275 1258 2275 1255 2275 1192 2286 890 2300 846 2278 775 2275 772 2275 769 2275 766 2275 764 2275 761 2275 761 2278 735 2300 662 2303 542 2303 502 2278 500 2278 497 2278 494 2278 491 2278 488 2278 443 2324 398 2317 370 2278 367 2278 365 2278 233 2277 138 2233 102 2283 165 2359"/></Shape>
	    <String CONTENT="monde le pratique, même le roi comme le"
                    HPOS="102"
                    VPOS="2233"
                    WIDTH="2018"
                    HEIGHT="174"></String>
          </TextLine>
          <TextLine ID="eSc_line_cc5aec72"
                    TAGREFS="LT15"
                    BASELINE="117 2412 224 2418 331 2446 497 2454 2106 2421" 
                    HPOS="117"
                    VPOS="2356"
                    WIDTH="1989"
                    HEIGHT="151">
            <Shape><Polygon POINTS="269 2449 356 2491 359 2491 362 2491 441 2477 460 2494 463 2494 466 2494 469 2494 471 2494 508 2477 629 2497 632 2497 898 2469 912 2469 918 2469 981 2507 1019 2491 1252 2469 1471 2483 1474 2483 1693 2463 1699 2463 1702 2463 1772 2477 1775 2477 1778 2477 1825 2460 1848 2454 1876 2460 1924 2471 1927 2471 1929 2471 1966 2460 1986 2454 2101 2457 2106 2421 2103 2379 2067 2356 2064 2356 2061 2356 2059 2356 2056 2356 2000 2370 1935 2356 1932 2356 1929 2356 1927 2356 1887 2381 1876 2390 1828 2381 1747 2370 1744 2370 1741 2370 1738 2370 1719 2384 1702 2393 1662 2384 1643 2379 1640 2379 1637 2379 1634 2379 1632 2379 1626 2384 1612 2393 1544 2384 1516 2381 1514 2381 1491 2384 1419 2390 1390 2384 1368 2367 1365 2367 1362 2367 1359 2367 1356 2367 1323 2384 1289 2404 1097 2424 1071 2418 1042 2413 1026 2414 969 2392 935 2392 885 2404 850 2393 816 2413 790 2425 764 2410 540 2425 502 2395 500 2395 497 2395 390 2415 156 2364 117 2412 142 2432"/></Shape>
	    <String CONTENT="prouve l&#x27;anecdote racontée plus haut de"
                    HPOS="117"
                    VPOS="2356"
                    WIDTH="1989"
                    HEIGHT="151"></String>
          </TextLine>
          <TextLine ID="eSc_line_ac4009ce"
                    TAGREFS="LT15"
                    BASELINE="142 2490 333 2566 559 2572 2084 2547" 
                    HPOS="129"
                    VPOS="2451"
                    WIDTH="1955"
                    HEIGHT="166">
            <Shape><Polygon POINTS="306 2617 376 2598 474 2615 485 2615 488 2615 519 2612 719 2592 766 2606 778 2609 780 2609 783 2609 890 2603 1056 2592 1129 2595 1241 2603 1244 2603 1247 2603 1250 2603 1261 2592 1275 2584 1337 2589 1427 2601 1429 2601 1432 2601 1460 2586 1474 2581 1573 2581 1578 2584 1595 2598 1598 2598 1601 2598 1603 2598 1606 2598 1643 2584 1648 2578 1811 2575 1842 2578 1991 2592 1994 2592 2084 2570 2084 2547 2081 2508 2000 2485 1997 2485 1994 2485 1991 2485 1938 2508 1932 2508 1921 2508 1806 2488 1803 2488 1738 2491 1736 2491 1733 2491 1733 2494 1719 2508 1713 2511 1699 2508 1620 2491 1618 2491 1615 2491 1612 2491 1592 2508 1581 2513 1511 2508 1443 2502 1441 2502 1438 2502 1427 2508 1412 2516 1398 2508 1387 2499 1384 2499 1382 2499 1379 2499 1376 2499 1373 2499 1373 2502 1365 2508 1356 2519 1032 2505 1008 2508 1002 2505 1002 2502 987 2514 955 2516 949 2502 946 2502 943 2502 941 2502 941 2505 935 2508 918 2525 733 2525 693 2508 682 2505 679 2505 676 2505 674 2505 665 2508 629 2528 559 2508 553 2508 550 2508 547 2508 544 2508 413 2531 256 2460 150 2451 129 2513"/></Shape>
	    <String CONTENT="l&#x27;emprunt consenti au roi pour la ville de"
                    HPOS="129"
                    VPOS="2451"
                    WIDTH="1955"
                    HEIGHT="166"></String>
          </TextLine>
          <TextLine ID="eSc_line_dec146a3"
                    TAGREFS="LT15"
                    BASELINE="132 2596 295 2676 469 2679" 
                    HPOS="116"
                    VPOS="2541"
                    WIDTH="356"
                    HEIGHT="175">
            <Shape><Polygon POINTS="202 2662 390 2716 393 2716 396 2716 472 2709 472 2654 294 2625 150 2541 116 2625"/></Shape>
	    <String CONTENT="Verdun."
                    HPOS="116"
                    VPOS="2541"
                    WIDTH="356"
                    HEIGHT="175"></String>
          </TextLine>
          <TextLine ID="eSc_line_b6223a88"
                    TAGREFS="LT15"
                    BASELINE="129 2725 381 2811 668 2808 1160 2780 2067 2752" 
                    HPOS="128"
                    VPOS="2680"
                    WIDTH="1939"
                    HEIGHT="195">
            <Shape><Polygon POINTS="156 2778 222 2798 266 2814 283 2848 286 2848 289 2848 370 2834 415 2825 424 2831 455 2859 457 2859 460 2859 463 2859 466 2859 508 2842 539 2856 542 2856 544 2856 593 2875 735 2856 838 2871 952 2814 988 2820 991 2820 994 2820 997 2820 1005 2811 1014 2803 1036 2811 1064 2820 1067 2820 1070 2820 1241 2803 1250 2803 1289 2820 1292 2820 1294 2820 1297 2820 1300 2820 1328 2800 1337 2794 1345 2800 1376 2811 1379 2811 1382 2811 1384 2811 1424 2797 1432 2794 1438 2794 1502 2817 1505 2817 1508 2817 1511 2817 1514 2817 1536 2800 1620 2811 1623 2811 1750 2786 1831 2797 1834 2797 1939 2789 1948 2820 1978 2852 2019 2814 2022 2814 2025 2814 2028 2814 2028 2811 2067 2772 2067 2752 2059 2696 1988 2707 1974 2696 1963 2688 1963 2685 1960 2685 1957 2685 1955 2685 1952 2685 1949 2685 1935 2696 1918 2713 1853 2716 1806 2699 1778 2690 1775 2690 1772 2690 1769 2690 1766 2690 1752 2702 1704 2711 1626 2724 1589 2704 1573 2696 1570 2696 1567 2696 1564 2696 1561 2696 1550 2704 1533 2713 1480 2704 1418 2696 1415 2696 1359 2707 1309 2719 1278 2710 1258 2702 1255 2702 1252 2702 1250 2702 1247 2702 1238 2710 1213 2733 893 2744 809 2721 806 2721 803 2721 800 2721 797 2721 745 2718 696 2749 660 2719 657 2719 654 2719 651 2719 648 2719 640 2721 567 2744 530 2721 528 2721 525 2721 522 2721 519 2721 516 2721 474 2755 404 2724 401 2724 398 2724 396 2724 393 2724 390 2724 348 2758 308 2727 306 2727 303 2727 300 2727 160 2680 128 2739"/></Shape>
	    <String CONTENT="Ce sont les Juifs qui surtout le mêlaient de"
                    HPOS="128"
                    VPOS="2680"
                    WIDTH="1939"
                    HEIGHT="195"></String>
          </TextLine>
          <TextLine ID="eSc_line_926a1b0d"
                    TAGREFS="LT15"
                    BASELINE="139 2825 235 2881 398 2912 685 2915 2148 2859" 
                    HPOS="126"
                    VPOS="2792"
                    WIDTH="2022"
                    HEIGHT="180">
            <Shape><Polygon POINTS="139 2884 314 2938 353 2952 356 2952 359 2952 362 2952 412 2935 578 2963 581 2963 851 2929 1009 2933 1054 2972 1113 2934 1202 2918 1207 2915 1216 2915 1264 2929 1266 2929 1269 2929 1272 2929 1275 2929 1297 2915 1306 2910 1320 2915 1390 2938 1393 2938 1396 2938 1553 2910 1603 2901 1629 2907 1643 2912 1646 2912 1648 2912 1699 2907 1764 2898 1775 2904 1806 2921 1809 2921 1811 2921 1814 2921 1848 2904 1870 2893 1932 2901 1974 2907 1977 2907 2148 2895 2148 2859 2140 2814 2051 2812 2024 2827 1999 2854 1983 2853 1965 2852 1950 2848 1929 2845 1929 2817 1915 2825 1904 2817 1873 2794 1870 2794 1868 2794 1750 2792 1747 2792 1744 2792 1741 2792 1741 2794 1710 2820 1699 2831 1662 2820 1615 2806 1612 2806 1609 2806 1606 2806 1575 2822 1530 2845 1463 2839 1446 2822 1421 2803 1418 2803 1415 2803 1412 2803 1410 2803 1337 2825 1323 2828 1311 2825 1250 2808 1247 2808 1244 2808 1241 2808 1191 2828 1112 2859 1011 2859 941 2831 924 2825 921 2825 918 2825 915 2825 912 2825 912 2828 855 2879 824 2879 814 2845 811 2845 809 2845 806 2845 803 2845 761 2873 533 2879 365 2876 292 2842 249 2835 153 2808 126 2838 130 2860"/></Shape>
	    <String CONTENT="ce commerce de l&#x27;argent. Le prêtre Eufrasius"
                    HPOS="126"
                    VPOS="2792"
                    WIDTH="2022"
                    HEIGHT="180"></String>
          </TextLine>
          <TextLine ID="eSc_line_2f922884"
                    TAGREFS="LT15"
                    BASELINE="120 2971 278 2980 449 3019 716 3022 1477 2994 2140 2949" 
                    HPOS="120"
                    VPOS="2898"
                    WIDTH="2020"
                    HEIGHT="175">
            <Shape><Polygon POINTS="457 3039 536 3072 539 3072 542 3072 657 3053 780 3067 783 3067 786 3067 859 3047 965 3043 1040 3073 1311 3033 1412 3047 1415 3047 1418 3047 1567 3028 1609 3025 1612 3025 1615 3025 1618 3025 1702 2999 1766 3016 1769 3016 1772 3016 1775 3016 1831 2994 1901 3013 2040 2988 2055 3043 2140 2974 2140 2949 2121 2899 1994 2929 1851 2932 1752 2898 1750 2898 1747 2898 1744 2898 1626 2940 1446 2940 1408 2965 1328 2966 1251 2984 1187 2966 1159 2965 1135 2967 1089 2961 1056 2985 1031 2994 1009 2990 1002 2957 1000 2957 873 2977 814 2938 811 2938 809 2938 806 2938 803 2938 713 2985 640 2985 575 2960 573 2960 570 2960 460 2985 351 2949 349 2949 169 2906 120 2971 133 3014"/></Shape>
	    <String CONTENT="fils d un senateur offre au roi, à Clemont,"
                    HPOS="120"
                    VPOS="2898"
                    WIDTH="2020"
                    HEIGHT="175"></String>
          </TextLine>
          <TextLine ID="eSc_line_bfb4afde"
                    TAGREFS="LT15"
                    BASELINE="133 3049 460 3139 791 3123 912 3117 2087 3061" 
                    HPOS="133"
                    VPOS="3011"
                    WIDTH="1977"
                    HEIGHT="164">
            <Shape><Polygon POINTS="369 3156 699 3172 797 3160 800 3160 830 3149 1252 3143 1406 3117 1444 3158 1484 3111 1682 3095 1727 3098 1700 3171 1717 3175 1816 3103 2059 3108 2059 3103 2061 3103 2064 3103 2067 3103 2110 3087 2103 3059 2054 3043 2027 3016 1949 3016 1915 3011 1912 3011 1910 3011 1890 3019 1848 3033 1809 3022 1789 3016 1786 3016 1783 3016 1780 3016 1766 3022 1733 3039 1691 3025 1685 3025 1682 3025 1679 3025 1665 3027 1581 3047 1542 3030 1530 3027 1528 3027 1525 3027 1522 3027 1511 3033 1474 3050 1415 3042 1412 3042 1309 3058 1264 3042 1258 3042 1255 3042 1252 3042 1250 3042 1244 3044 1213 3061 1122 3070 1105 3089 1069 3074 1039 3091 1009 3092 997 3092 957 3056 941 3053 938 3053 935 3053 932 3053 932 3056 929 3056 912 3075 809 3061 789 3058 786 3058 783 3058 775 3061 735 3081 143 3030 133 3091"/></Shape>
	    <String CONTENT="pour sa nomination &quot;susceptas a Judaeis"
                    HPOS="133"
                    VPOS="3011"
                    WIDTH="1977"
                    HEIGHT="164"></String>
          </TextLine>
          <TextLine ID="eSc_line_c444f1c6"
                    TAGREFS="LT15"
                    BASELINE="132 3162 462 3240 2027 3200 2098 3200" 
                    HPOS="129"
                    VPOS="3121"
                    WIDTH="2000"
                    HEIGHT="173">
            <Shape><Polygon POINTS="178 3209 345 3244 432 3289 435 3289 438 3289 441 3289 519 3258 573 3258 606 3286 609 3286 612 3286 615 3289 699 3289 699 3286 702 3286 803 3247 912 3269 915 3269 918 3269 974 3249 1016 3280 1019 3280 1022 3280 1025 3283 1140 3283 1140 3280 1143 3280 1146 3280 1175 3263 1252 3294 1292 3277 1294 3277 1297 3277 1337 3247 1362 3266 1365 3266 1368 3266 1370 3266 1480 3244 1522 3261 1525 3261 1528 3261 1530 3261 1575 3244 1654 3272 1657 3272 1660 3272 1662 3272 1665 3272 1727 3227 1761 3241 1764 3241 1766 3241 1868 3233 1960 3261 1963 3261 1966 3261 1969 3261 1971 3261 2033 3224 2036 3224 2129 3224 2129 3193 2123 3162 2042 3143 2039 3143 1924 3157 1831 3145 1807 3136 1780 3141 1746 3162 1720 3181 1698 3180 1703 3149 1690 3136 1672 3162 1665 3177 1640 3167 1542 3170 1487 3200 1473 3172 1426 3157 1407 3137 1404 3137 1401 3137 1398 3137 1368 3151 1317 3174 1224 3174 1193 3148 1165 3129 1162 3129 1160 3129 1157 3129 1154 3129 1151 3129 1123 3148 1087 3174 1061 3157 1059 3157 1056 3157 1053 3157 1050 3157 1047 3157 1016 3179 561 3189 524 3196 501 3195 464 3186 381 3160 347 3181 335 3177 316 3178 290 3173 267 3154 247 3137 244 3137 188 3121 129 3137 132 3193"/></Shape>
	    <String CONTENT="species magnas&quot; (Greg. IV. 35). L eveque"
                    HPOS="129"
                    VPOS="3121"
                    WIDTH="2000"
                    HEIGHT="173"></String>
          </TextLine>
          <TextLine ID="eSc_line_676f9d77"
                    TAGREFS="LT15"
                    BASELINE="1483 3153 1622 3141 1623 3141 1668 3135" 
                    HPOS="1491"
                    VPOS="3099"
                    WIDTH="195"
                    HEIGHT="67">
            <Shape><Polygon POINTS="1498 3166 1491 3112 1686 3099 1658 3160"/></Shape>
	    <String CONTENT="p.169"
                    HPOS="1491"
                    VPOS="3099"
                    WIDTH="195"
                    HEIGHT="67"></String>
          </TextLine>
          <TextLine ID="eSc_line_599fb1f3"
                    TAGREFS="LT15"
                    BASELINE="118 3250 358 3322 676 3345 2140 3308" 
                    HPOS="118"
                    VPOS="3204"
                    WIDTH="2022"
                    HEIGHT="224">
            <Shape><Polygon POINTS="244 3311 420 3378 519 3384 522 3384 627 3376 774 3428 834 3393 983 3365 1112 3381 1115 3381 1118 3381 1182 3353 1191 3348 1196 3351 1241 3384 1244 3384 1247 3384 1250 3384 1497 3370 1500 3370 1502 3370 1530 3348 1550 3365 1553 3365 1556 3365 1559 3365 1643 3345 1657 3342 1668 3345 1699 3356 1702 3356 1705 3356 1797 3342 1806 3342 1809 3342 1831 3362 1834 3362 1837 3362 1839 3362 2137 3336 2140 3308 2132 3244 1966 3275 1786 3277 1764 3261 1761 3261 1758 3261 1755 3261 1646 3283 1578 3261 1575 3261 1573 3261 1570 3261 1567 3261 1567 3263 1539 3289 1500 3289 1455 3255 1452 3255 1449 3255 1446 3255 1443 3255 1441 3255 1407 3277 1384 3261 1382 3261 1379 3261 1376 3261 1373 3261 1370 3261 1370 3263 1339 3292 1236 3310 1162 3269 1160 3269 1157 3269 1154 3269 1151 3269 1148 3269 1088 3315 1042 3294 988 3263 985 3263 983 3263 980 3263 977 3263 974 3263 929 3297 803 3280 800 3280 685 3303 559 3303 502 3277 500 3277 462 3294 372 3263 146 3204 118 3267 170 3309"/></Shape>
	    <String CONTENT="Cautinus est &quot;Judaeis valde carus ac sub¬"
                    HPOS="118"
                    VPOS="3204"
                    WIDTH="2022"
                    HEIGHT="224"></String>
          </TextLine>
          <TextLine ID="eSc_line_6022a142"
                    TAGREFS="LT15"
                    BASELINE="107 3370 508 3465 2137 3432" 
                    HPOS="122"
                    VPOS="3317"
                    WIDTH="2015"
                    HEIGHT="194">
            <Shape><Polygon POINTS="338 3490 511 3483 544 3499 567 3511 570 3511 573 3511 634 3499 688 3488 702 3497 713 3508 716 3508 719 3508 721 3511 809 3511 809 3508 811 3508 842 3497 884 3480 971 3494 1030 3502 1033 3502 1036 3502 1070 3491 1120 3477 1210 3491 1224 3491 1227 3491 1241 3488 1294 3480 1317 3488 1345 3499 1348 3499 1351 3499 1353 3499 1379 3488 1415 3466 1730 3466 1775 3480 1803 3491 1806 3491 1809 3491 2134 3474 2137 3432 2132 3395 1955 3367 1952 3367 1800 3395 1772 3398 1750 3395 1657 3373 1654 3373 1651 3373 1552 3375 1556 3401 1404 3404 1387 3395 1373 3384 1370 3384 1368 3384 1365 3384 1311 3395 1264 3404 1252 3395 1238 3384 1238 3381 1235 3381 1233 3381 1129 3381 1126 3381 1123 3381 1089 3395 1044 3412 921 3412 884 3395 873 3390 870 3390 868 3390 865 3390 862 3390 856 3395 780 3440 646 3415 595 3395 584 3390 581 3390 578 3390 550 3395 432 3418 401 3395 401 3393 398 3393 396 3393 233 3317 127 3323 122 3386"/></Shape>
	    <String CONTENT="ditus pro comparandis speciebus. (Greg."
                    HPOS="122"
                    VPOS="3317"
                    WIDTH="2015"
                    HEIGHT="194"></String>
          </TextLine>
          <TextLine ID="eSc_line_3709b3c1"
                    TAGREFS="LT15"
                    BASELINE="130 3476 367 3563 620 3565 670 3567" 
                    HPOS="106"
                    VPOS="3421"
                    WIDTH="589"
                    HEIGHT="207">
            <Shape><Polygon POINTS="300 3575 328 3603 328 3606 331 3606 334 3606 337 3606 339 3606 398 3586 412 3581 424 3589 449 3609 452 3609 455 3609 457 3609 460 3609 485 3595 491 3592 497 3598 522 3620 522 3623 525 3623 528 3623 546 3628 651 3615 675 3566 695 3510 606 3518 578 3502 573 3499 573 3497 570 3497 567 3497 564 3497 561 3497 550 3499 525 3508 500 3494 497 3494 494 3494 491 3494 488 3494 452 3508 410 3485 407 3485 404 3485 401 3485 348 3499 117 3421 106 3505 252 3567"/></Shape>
	    <String CONTENT="IV. 12 p. 189)"
                    HPOS="106"
                    VPOS="3421"
                    WIDTH="589"
                    HEIGHT="207"></String>
          </TextLine>
          <TextLine ID="eSc_line_ecf541db"
                    TAGREFS="LT15"
                    BASELINE="115 3593 319 3675 612 3693 955 3693 1881 3667" 
                    HPOS="89"
                    VPOS="3534"
                    WIDTH="1808"
                    HEIGHT="223">
            <Shape><Polygon POINTS="500 3710 578 3749 581 3749 584 3752 623 3757 771 3744 901 3744 904 3744 1014 3713 1196 3707 1286 3738 1289 3738 1292 3738 1393 3735 1396 3735 1471 3704 1592 3733 1595 3733 1598 3733 1601 3733 1651 3702 1693 3703 1716 3701 1749 3706 1769 3710 1796 3712 1797 3707 1818 3710 1844 3704 1862 3702 1881 3685 1891 3671 1897 3652 1880 3634 1848 3637 1832 3643 1817 3644 1805 3645 1786 3653 1759 3646 1731 3643 1721 3631 1719 3626 1708 3618 1700 3614 1690 3608 1675 3602 1668 3598 1665 3598 1662 3598 1618 3623 1606 3629 1595 3623 1589 3617 1587 3617 1584 3617 1581 3617 1539 3623 1443 3637 1359 3637 1337 3623 1309 3603 1306 3603 1303 3603 1300 3603 1297 3603 1261 3623 1233 3637 924 3629 921 3629 918 3629 865 3643 831 3623 831 3620 828 3620 825 3620 823 3620 820 3620 817 3620 817 3623 797 3611 730 3648 702 3623 693 3615 691 3615 688 3615 685 3615 613 3640 569 3661 520 3644 494 3617 491 3617 488 3617 485 3617 477 3623 417 3630 331 3623 328 3623 141 3534 89 3603 182 3697"/></Shape>
	    <String CONTENT="Il y avait des juifs parmi les percepteurs"
                    HPOS="89"
                    VPOS="3534"
                    WIDTH="1808"
                    HEIGHT="223"></String>
          </TextLine>
          <TextLine ID="eSc_line_7970eec4"
                    TAGREFS="LT15"
                    BASELINE="1344 3925 1443 3914 2036 3895" 
                    HPOS="1315"
                    VPOS="3822"
                    WIDTH="721"
                    HEIGHT="136">
            <Shape><Polygon POINTS="1315 3926 1331 3938 1349 3956 1362 3954 1389 3958 1413 3947 1442 3939 1435 3938 1449 3942 1473 3936 1483 3932 1511 3940 1516 3943 1519 3943 1522 3943 1525 3943 1528 3943 1528 3940 1530 3940 1539 3929 1612 3938 1640 3940 1643 3940 2036 3924 2036 3895 2030 3836 1938 3822 1935 3822 1932 3822 1901 3836 1819 3840 1758 3859 1724 3836 1716 3828 1713 3828 1710 3828 1668 3828 1665 3828 1662 3828 1660 3828 1660 3831 1654 3836 1629 3865 1595 3865 1556 3836 1547 3831 1544 3831 1542 3831 1539 3831 1536 3831 1533 3831 1533 3834 1528 3836 1500 3867 1460 3867 1441 3864 1428 3855 1412 3858 1404 3862 1391 3866 1382 3869 1353 3879 1323 3897"/></Shape>
	    <String CONTENT="du tonlieu et il"
                    HPOS="1315"
                    VPOS="3822"
                    WIDTH="721"
                    HEIGHT="136"></String>
          </TextLine>
          <TextLine ID="eSc_line_d67b57bd"
                    TAGREFS="LT15"
                    BASELINE="107 3929 497 4033 823 4033 2202 3994" 
                    HPOS="121"
                    VPOS="3895"
                    WIDTH="2081"
                    HEIGHT="186">
            <Shape><Polygon POINTS="533 4064 570 4081 573 4081 575 4081 578 4081 581 4081 584 4081 606 4064 705 4075 716 4075 719 4075 721 4075 724 4075 758 4058 817 4072 839 4075 842 4075 935 4067 1064 4056 1084 4061 1098 4067 1101 4067 1103 4067 1106 4067 1109 4067 1115 4061 1126 4053 1146 4061 1165 4067 1168 4067 1171 4067 1219 4058 1280 4044 1359 4053 1421 4058 1424 4058 1514 4047 1603 4036 1716 4039 1890 4047 1893 4047 2202 4022 2202 3994 2196 3946 2025 3943 2022 3943 2019 3943 2005 3949 1974 3963 1884 3952 1856 3949 1853 3949 1851 3949 1842 3952 1806 3968 1629 3957 1612 3957 1609 3957 1606 3957 1603 3957 1603 3960 1601 3960 1589 3974 1519 3960 1500 3957 1497 3957 1494 3957 1491 3957 1491 3960 1488 3960 1469 3980 1126 3970 950 3988 909 3992 884 3992 866 3997 816 3999 809 3994 683 3994 657 3983 339 3937 209 3939 177 3907 124 3895 121 3969 437 4079"/></Shape>
	    <String CONTENT="semble y en avoir même eu beaucoup puis¬"
                    HPOS="121"
                    VPOS="3895"
                    WIDTH="2081"
                    HEIGHT="186"></String>
          </TextLine>
          <TextLine ID="eSc_line_e946f80e"
                    TAGREFS="LT15"
                    BASELINE="116 4054 496 4131 2311 4140" 
                    HPOS="111"
                    VPOS="3996"
                    WIDTH="2200"
                    HEIGHT="203">
            <Shape><Polygon POINTS="155 4085 512 4164 620 4174 623 4174 623 4176 626 4176 629 4176 632 4176 634 4176 637 4176 660 4162 699 4182 702 4182 705 4185 783 4185 783 4182 786 4182 831 4159 837 4157 853 4159 926 4174 929 4174 985 4159 1005 4157 1014 4159 1042 4179 1044 4179 1047 4179 1050 4179 1137 4162 1157 4159 1179 4162 1351 4190 1353 4190 1356 4190 1432 4165 1441 4162 1758 4162 1772 4168 1801 4168 1823 4168 1837 4181 1858 4174 1882 4174 1912 4196 1915 4196 1918 4196 1921 4196 1924 4196 2015 4183 2096 4099 2120 4082 2138 4097 2148 4128 2144 4187 2275 4199 2278 4199 2280 4199 2283 4199 2309 4174 2311 4140 2306 4067 2255 4095 2146 4095 2126 4075 2123 4075 2120 4075 2118 4075 2115 4075 2087 4086 2053 4064 2050 4061 2047 4061 2044 4061 2042 4061 2039 4061 2028 4064 1991 4072 1907 4084 1828 4058 1786 4058 1783 4058 1780 4058 1778 4058 1778 4061 1741 4086 1654 4058 1651 4058 1648 4058 1646 4058 1643 4058 1640 4058 1570 4086 1469 4086 1435 4056 1432 4056 1429 4056 1427 4056 1418 4056 1289 4081 1224 4053 1221 4053 1219 4053 1216 4053 1213 4053 1210 4053 1160 4081 1106 4053 1101 4050 1098 4050 1095 4050 1092 4050 1087 4053 1016 4078 969 4056 966 4056 963 4056 865 4078 705 4078 654 4053 651 4053 648 4053 646 4053 643 4053 572 4087 503 4105 434 4080 418 4076 397 4093 320 4044 128 3996 111 4080"/></Shape>
	    <String CONTENT="que les conciles protestent. (Concilia I p158 13)"
                    HPOS="111"
                    VPOS="3996"
                    WIDTH="2200"
                    HEIGHT="203"></String>
          </TextLine>
          <TextLine ID="eSc_line_b739acf9"
                    TAGREFS="LT15"
                    BASELINE="119 4132 220 4196 629 4270 2053 4238" 
                    HPOS="100"
                    VPOS="4087"
                    WIDTH="1953"
                    HEIGHT="222">
            <Shape><Polygon POINTS="199 4236 654 4297 680 4309 924 4277 957 4275 985 4275 1191 4291 1193 4291 1303 4289 1306 4289 1309 4289 1337 4272 1348 4272 1480 4286 1483 4286 2050 4263 2053 4238 2044 4196 1898 4199 1893 4196 1879 4182 1879 4179 1876 4179 1839 4198 1794 4179 1792 4179 1789 4179 1786 4179 1786 4182 1772 4196 1764 4204 1550 4204 1528 4196 1494 4182 1491 4182 1488 4182 1485 4182 1449 4196 1418 4207 1129 4207 1089 4196 1070 4188 1067 4188 1064 4188 1061 4188 1059 4188 1050 4196 1033 4207 1002 4196 983 4188 980 4188 977 4188 943 4196 879 4210 848 4196 839 4190 837 4190 834 4190 831 4190 828 4190 823 4196 806 4207 786 4196 783 4190 780 4190 778 4190 775 4190 721 4193 719 4193 716 4193 716 4196 702 4210 671 4196 660 4190 657 4190 654 4190 651 4190 602 4178 341 4180 143 4087 100 4179"/></Shape>
	    <String CONTENT="Il y avait parmi les monétaires et on a"
                    HPOS="100"
                    VPOS="4087"
                    WIDTH="1953"
                    HEIGHT="222"></String>
          </TextLine>
          <TextLine ID="eSc_line_874bbcd7"
                    TAGREFS="LT15"
                    BASELINE="113 4269 516 4369 1067 4373 2092 4334" 
                    HPOS="104"
                    VPOS="4236"
                    WIDTH="1988"
                    HEIGHT="185">
            <Shape><Polygon POINTS="339 4367 525 4395 601 4412 603 4412 606 4412 609 4412 626 4398 648 4418 651 4418 654 4418 657 4421 724 4421 724 4418 727 4418 730 4418 730 4415 744 4401 786 4418 789 4418 792 4418 794 4418 797 4418 817 4404 1432 4404 1435 4404 1719 4373 1803 4387 1806 4387 1809 4387 1811 4387 1839 4367 1966 4381 1969 4381 2089 4359 2092 4334 2081 4280 1998 4295 1904 4306 1882 4289 1879 4289 1876 4289 1873 4289 1870 4289 1868 4289 1851 4306 1603 4317 1553 4289 1547 4286 1544 4286 1542 4286 1539 4286 1530 4289 1466 4320 1373 4306 1370 4306 1368 4306 1306 4325 1022 4314 1019 4314 932 4334 842 4300 839 4300 837 4300 834 4300 831 4300 825 4300 755 4322 710 4306 707 4306 705 4306 674 4327 620 4336 536 4331 516 4311 516 4308 514 4308 511 4308 508 4308 418 4322 284 4256 124 4236 104 4303"/></Shape>
	    <String CONTENT="quelques uns de leurs noms sur les monnaies"
                    HPOS="104"
                    VPOS="4236"
                    WIDTH="1988"
                    HEIGHT="185"></String>
          </TextLine>
          <TextLine ID="eSc_line_0904c88e"
                    TAGREFS="LT15"
                    BASELINE="142 4385 508 4481 806 4491" 
                    HPOS="135"
                    VPOS="4313"
                    WIDTH="671"
                    HEIGHT="235">
            <Shape><Polygon POINTS="494 4511 609 4522 620 4527 648 4541 651 4541 654 4541 657 4541 660 4541 660 4539 674 4527 719 4541 721 4541 736 4548 806 4527 806 4491 806 4435 668 4415 665 4415 662 4415 609 4432 573 4415 570 4415 435 4420 243 4360 160 4313 135 4431"/></Shape>
	    <String CONTENT="(Luschin, p.83)"
                    HPOS="135"
                    VPOS="4313"
                    WIDTH="671"
                    HEIGHT="235"></String>
          </TextLine>
          <TextLine ID="eSc_line_620f2ce1"
                    TAGREFS="LT15"
                    BASELINE="112 4480 382 4599 879 4617 1401 4620 2087 4600" 
                    HPOS="92"
                    VPOS="4440"
                    WIDTH="1995"
                    HEIGHT="234">
            <Shape><Polygon POINTS="516 4631 522 4631 578 4651 581 4651 584 4651 587 4651 651 4631 654 4631 657 4631 730 4659 733 4659 735 4659 738 4659 741 4659 769 4640 811 4654 814 4654 817 4654 918 4640 1036 4665 1039 4665 1241 4648 1398 4665 1401 4665 1713 4648 1716 4648 1750 4631 1809 4662 1811 4662 1814 4665 1869 4674 1910 4662 1912 4662 2011 4629 2084 4629 2087 4600 2081 4541 2025 4533 2022 4533 2019 4533 2016 4533 2016 4536 2011 4539 1988 4558 1946 4547 1943 4547 1941 4547 1938 4547 1896 4567 1861 4534 1764 4541 1764 4539 1761 4539 1758 4539 1755 4539 1752 4539 1696 4570 1632 4570 1530 4539 1528 4539 1525 4539 1522 4539 1438 4570 1266 4547 1264 4547 1261 4547 1258 4547 1258 4550 1235 4572 1134 4572 1022 4550 1019 4550 1016 4550 1014 4550 985 4567 893 4536 887 4533 884 4533 882 4533 879 4533 876 4533 806 4570 685 4570 619 4544 519 4519 363 4515 164 4440 92 4494 307 4617"/></Shape>
	    <String CONTENT="Leur clientèle ou celle des autres préteurs d&#x27;argent"
                    HPOS="92"
                    VPOS="4440"
                    WIDTH="1995"
                    HEIGHT="234"></String>
          </TextLine>
          <TextLine ID="eSc_line_75a7f05b"
                    TAGREFS="LT15"
                    BASELINE="107 4622 133 4628 497 4724 705 4732 2070 4716" 
                    HPOS="106"
                    VPOS="4564"
                    WIDTH="1964"
                    HEIGHT="213">
            <Shape><Polygon POINTS="542 4758 547 4758 617 4777 620 4777 623 4777 772 4758 943 4775 946 4775 1207 4772 1210 4772 1252 4755 1370 4769 1373 4769 1376 4769 1379 4769 1379 4766 1396 4752 1462 4743 1505 4769 1508 4769 1511 4769 1539 4749 1542 4747 1556 4749 1606 4761 1609 4761 1713 4747 1730 4747 1733 4747 1769 4766 1772 4766 1775 4766 1778 4766 1828 4747 1862 4763 1865 4763 1868 4763 1977 4749 2005 4763 2008 4763 2011 4763 2014 4763 2070 4744 2070 4716 2064 4682 1927 4659 1924 4659 1921 4659 1861 4696 1834 4659 1831 4659 1828 4659 1825 4659 1823 4659 1752 4679 1741 4682 1736 4679 1719 4662 1719 4659 1716 4659 1713 4659 1657 4659 1654 4659 1651 4659 1648 4659 1620 4676 1612 4685 1488 4685 1466 4676 1432 4662 1429 4662 1427 4662 1424 4662 1421 4662 1401 4676 1384 4688 1311 4688 1283 4676 1247 4662 1244 4662 1241 4662 1238 4662 1235 4662 1221 4676 1205 4690 1092 4690 1073 4673 1061 4665 1059 4665 1056 4665 1053 4665 1050 4665 1047 4665 1039 4673 1017 4679 856 4690 750 4671 721 4668 719 4668 716 4668 707 4671 676 4688 623 4671 620 4671 617 4671 615 4671 612 4671 609 4671 584 4693 559 4673 556 4673 553 4673 113 4564 106 4644 300 4724"/></Shape>
	    <String CONTENT="devait être fort considerable. Car entre les per¬"
                    HPOS="106"
                    VPOS="4564"
                    WIDTH="1964"
                    HEIGHT="213"></String>
          </TextLine>
          <TextLine ID="eSc_line_909a6d44"
                    TAGREFS="LT15"
                    BASELINE="101 4733 447 4832 802 4853 2064 4814" 
                    HPOS="108"
                    VPOS="4683"
                    WIDTH="1956"
                    HEIGHT="214">
            <Shape><Polygon POINTS="517 4864 553 4893 556 4893 559 4893 561 4895 632 4895 632 4893 634 4893 637 4893 665 4876 730 4881 733 4881 735 4881 738 4881 757 4897 803 4887 806 4887 809 4887 811 4890 904 4890 904 4887 907 4887 910 4887 935 4867 980 4884 983 4884 985 4884 1272 4879 1275 4879 1278 4879 1320 4848 1325 4848 1455 4870 1457 4870 1657 4850 1685 4867 1688 4867 1691 4867 1693 4867 1696 4867 1699 4867 1699 4864 1716 4848 1882 4842 2011 4859 2014 4859 2016 4859 2064 4834 2064 4814 2061 4780 2008 4766 2005 4766 2002 4766 1778 4780 1677 4786 1665 4780 1634 4761 1632 4761 1629 4761 1626 4761 1623 4761 1620 4761 1589 4780 1581 4786 1573 4780 1561 4772 1561 4769 1559 4769 1556 4769 1463 4765 1460 4763 1448 4747 1424 4780 1410 4789 1396 4780 1373 4772 1370 4772 1368 4772 1365 4772 1328 4780 1289 4791 1272 4783 1255 4769 1252 4769 1250 4769 1247 4769 1244 4769 1241 4769 1241 4772 1227 4783 1199 4786 1050 4797 1030 4783 1025 4777 1022 4777 1019 4777 1016 4777 1014 4777 1000 4783 955 4800 921 4783 904 4775 901 4775 898 4775 896 4775 876 4783 831 4803 755 4783 752 4783 750 4783 747 4783 744 4783 711 4799 455 4773 114 4683 108 4769 356 4846"/></Shape>
	    <String CONTENT="cepteurs d&#x27;impôt, elle devait s&#x27;étendre encore"
                    HPOS="108"
                    VPOS="4683"
                    WIDTH="1956"
                    HEIGHT="214"></String>
          </TextLine>
          <TextLine ID="eSc_line_83e90949"
                    TAGREFS="LT15"
                    BASELINE="100 4837 442 4938 727 4963 2036 4943" 
                    HPOS="97"
                    VPOS="4808"
                    WIDTH="1939"
                    HEIGHT="220">
            <Shape><Polygon POINTS="363 4941 581 4977 612 4988 615 4988 617 4988 620 4988 640 4977 648 4974 660 4977 730 5002 733 5002 735 5002 814 4985 868 5005 870 5005 873 5005 876 5005 938 4988 1219 4999 1221 4999 1224 4999 1278 4985 1297 4980 1306 4985 1323 4999 1323 5002 1325 5002 1328 5002 1331 5002 1427 4991 1477 5013 1480 5013 1483 5013 1518 5028 1564 5011 1567 5011 1567 5008 1587 4988 1589 4988 1605 4991 1715 5025 1747 5011 1750 5011 1752 5011 1775 4991 1780 4985 1865 4974 1890 4994 1910 5011 1912 5011 1915 5011 1970 5028 2033 4994 2036 4943 2030 4912 1856 4890 1853 4890 1851 4890 1848 4890 1831 4907 1803 4907 1705 4912 1696 4907 1688 4898 1688 4895 1685 4895 1682 4895 1679 4895 1677 4895 1651 4904 1634 4909 1564 4907 1559 4904 1516 4876 1514 4876 1511 4876 1508 4876 1505 4876 1455 4901 1432 4915 1227 4915 1202 4898 1185 4884 1182 4884 1179 4884 1176 4884 1174 4884 1171 4884 1157 4895 1137 4915 1106 4904 1103 4904 1101 4904 1022 4921 983 4904 980 4904 977 4904 974 4904 938 4921 898 4895 896 4895 893 4895 890 4895 887 4895 884 4895 884 4898 865 4918 769 4921 744 4901 744 4898 741 4898 738 4898 735 4898 651 4918 606 4895 603 4895 601 4895 598 4895 570 4909 547 4887 544 4887 544 4884 542 4884 539 4884 536 4884 533 4884 525 4887 471 4901 131 4808 97 4867 234 4944"/></Shape>
	    <String CONTENT="aux locatores des domaines de l&#x27;Eglise qui eux"
                    HPOS="97"
                    VPOS="4808"
                    WIDTH="1939"
                    HEIGHT="220"></String>
          </TextLine>
        </TextBlock>
        <TextBlock HPOS="2128"
                   VPOS="2733"
                   WIDTH="1907"
                   HEIGHT="467"
                   ID="eSc_textblock_ad69b31d"
                   TAGREFS="BT26">
          <Shape><Polygon POINTS="2137 2771 2128 3200 3997 3200 4035 2733"/></Shape>
          <TextLine ID="eSc_line_dec1f165"
                    TAGREFS="LT15"
                    BASELINE="2182 2946 3022 2901 4000 2876" 
                    HPOS="2179"
                    VPOS="2822"
                    WIDTH="1821"
                    HEIGHT="152">
            <Shape><Polygon POINTS="3854 2831 3851 2831 3845 2828 3834 2828 3806 2828 3792 2825 3783 2834 3781 2834 3719 2825 3693 2825 3665 2825 3654 2825 3612 2839 3581 2825 3561 2822 3536 2842 3415 2836 3413 2836 3410 2836 3370 2851 3365 2851 3362 2851 3314 2834 3311 2834 3309 2834 3306 2834 3272 2845 3224 2831 3221 2831 3219 2831 3216 2831 3157 2851 3126 2831 3123 2831 3120 2831 3118 2831 2994 2834 2991 2834 2887 2867 2884 2867 2772 2842 2769 2842 2589 2876 2553 2862 2550 2862 2547 2862 2545 2862 2500 2881 2250 2862 2247 2862 2244 2862 2179 2890 2182 2946 2182 2960 2241 2971 2244 2971 2247 2971 2297 2957 2300 2957 2306 2957 2356 2974 2359 2974 2362 2974 2505 2954 2615 2968 2618 2968 2620 2968 2662 2946 2665 2946 2685 2946 2918 2957 2921 2957 2924 2957 2983 2938 3005 2926 3120 2926 3143 2932 3193 2946 3196 2946 3199 2946 3202 2946 3252 2929 3295 2943 3297 2943 3300 2943 3303 2943 3306 2943 3334 2926 3348 2918 3435 2924 3550 2929 3553 2929 3556 2929 3587 2918 3618 2907 3640 2915 3671 2929 3674 2929 3677 2929 3679 2929 3682 2929 3699 2915 3741 2926 3744 2926 3838 2936 4000 2904 4000 2876 3988 2851 3974 2828"/></Shape>
	    <String CONTENT="La somme devant être gde car on voit que"
                    HPOS="2179"
                    VPOS="2822"
                    WIDTH="1821"
                    HEIGHT="152"></String>
          </TextLine>
          <TextLine ID="eSc_line_bfccd65c"
                    TAGREFS="LT15"
                    BASELINE="2167 3048 2324 3027 3871 2987" 
                    HPOS="2158"
                    VPOS="2932"
                    WIDTH="1710"
                    HEIGHT="165">
            <Shape><Polygon POINTS="2421 2988 2452 2968 2455 2966 2466 2966 2477 2968 2528 2985 2615 2985 2629 2971 2629 2968 2637 2968 2769 2977 2823 2960 2854 2952 2862 2952 2890 2960 2935 2971 3061 2970 3108 2967 3149 2966 3165 2961 3181 2953 3194 2952 3227 2952 3250 2957 3325 2954 3328 2952 3342 2938 3342 2935 3351 2935 3424 2949 3435 2949 3486 2932 3497 2932 3519 2946 3528 2949 3862 2940 3868 2980 3868 3008 3741 3036 3738 3036 3629 3022 3584 3050 3578 3050 3415 3056 3410 3056 3364 3070 3311 3058 3303 3058 3247 3039 3233 3036 3216 3042 3148 3064 3143 3064 3064 3047 3028 3042 3000 3053 2946 3072 2943 3072 2724 3078 2721 3078 2654 3070 2564 3056 2497 3069 2476 3083 2419 3085 2372 3065 2296 3085 2249 3085 2197 3097 2158 3091 2190 2989"/></Shape>
	    <String CONTENT="pr un cas analogue on offre 1000 aureos"
                    HPOS="2158"
                    VPOS="2932"
                    WIDTH="1710"
                    HEIGHT="165"></String>
          </TextLine>
          <TextLine ID="eSc_line_01ad15a8"
                    TAGREFS="LT15"
                    BASELINE="3542 3098 3837 3072" 
                    HPOS="3536"
                    VPOS="3022"
                    WIDTH="306"
                    HEIGHT="135">
            <Shape><Polygon POINTS="3545 3157 3839 3126 3837 3072 3842 3032 3722 3025 3711 3022 3683 3041 3656 3028 3623 3032 3602 3040 3603 3048 3595 3052 3588 3054 3572 3064 3546 3082 3536 3121"/></Shape>
	    <String CONTENT="(Ibid)"
                    HPOS="3536"
                    VPOS="3022"
                    WIDTH="306"
                    HEIGHT="135"></String>
          </TextLine>
        </TextBlock>
      </PrintSpace>
    </Page>
  </Layout>
</alto>
