4090 5056
3609.0 92.0 343.0 207.0 75

137.0 89.0 2020.0 166.0 Frédégaire (SS. Merov. II p 134 25) parle

134.0 193.0 2076.0 175.0 de Bilichildis qui devint la femme de Theu¬

137.0 300.0 2031.0 177.0 debert et que Brunehaut, S d. à cause de sa

134.0 393.0 1905.0 149.0 beauté avait achetée à des negociatores.

137.0 469.0 2088.0 182.0 Le tonlieu d'Arras fourni par Guiman, p.167

134.0 587.0 2042.0 162.0 laisse encore reconnaître sous son revêtmnt

135.0 668.0 1983.0 191.0 du XIIe s son vieux fonds merovingien. Le texte

145.0 783.0 1978.0 180.0 l attribue à un rex Theodericus (p.165).

132.0 893.0 1932.0 154.0 Or la vente du servus et de l'ancilla y

126.0 1016.0 2036.0 146.0 est mentionnée dans le intitulé De Bes¬

120.0 1141.0 227.0 106.0 tiis

148.0 1202.0 2003.0 171.0 Tous ces esclaves razziés par les émules de Sa¬

126.0 1306.0 2031.0 188.0 mo ou apportés de Bretagne filaient vers les

133.0 1421.0 1942.0 157.0 ports de la Méditerranée. Il y en avait en

145.0 1505.0 1998.0 185.0 vente à Narbonne (Jaffé, 1467). On en trou¬

140.0 1609.0 1978.0 180.0 vait à Naples (Jaffé 1409) d'ou ils venaient

154.0 1693.0 2051.0 203.0 sans doute de Marseille qui en était le grand

151.0 1799.0 2011.0 220.0 marché. La Vita Eligii I 10 (SS. Merov. IV

148.0 1918.0 1998.0 233.0 p.677) parle des Captifs libérés par S. Eloi tan¬

148.0 2053.0 1927.0 194.0 tôt 20 ou 30 ou 50 "Nonquaquam vero

154.0 2150.0 2045.0 226.0 agmen integrum et usque ad centum ani¬

137.0 2258.0 2054.0 199.0 mas cum navem agrederentur utriusque

133.0 2362.0 2052.0 232.0 sexus ex diversis gentibus venientes, Roma¬

151.0 2471.0 2023.0 211.0 norum, scilicet, Gallorum atque Britan¬

157.0 2589.0 2017.0 186.0 norum necnon et Maurorum sed prae¬

163.0 2693.0 1929.0 213.0 cipue ex genere Saxorum qui abunde eo

157.0 2789.0 2171.0 202.0 tempore veluti greges a sedibus propriis evulsi

159.0 2918.0 2057.0 180.0 in diversa distrahebantur. Sur les ventes

151.0 3022.0 1997.0 199.0 d'esclaves à Marseille, Voy. encore Vita Bo¬

151.0 3157.0 1604.0 171.0 niti ep. Arvern. SS. Merov. VI. 121.

168.0 3263.0 2003.0 197.0 La plupart des esclaves venaient du Nord mais

148.0 3370.0 2009.0 192.0 non pas tous comme le prouve la Vita Eligii. En

128.0 3482.0 1984.0 217.0 599 Grégoire le Grand fait acheter des esclaves

123.0 3578.0 2323.0 228.0 maures, "barbaricinos" en Sardaigne. Jaffé 1649.

125.0 3730.0 2001.0 201.0 De Thuringe où il y a eu un si grand massacre,

144.0 3822.0 2106.0 180.0 il a dû en venir beaucoup. A Clermont, Sigi¬

143.0 3949.0 2101.0 168.0 valdus dux avait comme esclave (in cujus ser¬

156.0 4039.0 2030.0 177.0 vitio erat adolescens quidam nomine Bra¬

118.0 4137.0 2037.0 160.0 chio) valet de chasse pour le sanglier qui

148.0 4213.0 1939.0 196.0 était thuringien. (Greg Vita Patr. 2 p. 712).

176.0 4339.0 1961.0 189.0 Sur le commerce des esclaves Dopsch, Grund¬

143.0 4457.0 1997.0 223.0 lagen II2 p. 173 sqq. Hahn Wirtschaftl. Tätig¬

139.0 4598.0 1911.0 193.0 keit des Juden p.23 sqq. Fustel L'Alleu,

148.0 4727.0 357.0 191.0 p.279 sq

2300.0 294.0 1708.0 249.0 Même chose dans le tarif du tonlieu de

2284.0 410.0 1710.0 228.0 Tournai : si servus vel ancilla vel auri

2272.0 514.0 1680.0 205.0 uncia vendantur... P. Rolland, Deux

2273.0 613.0 1693.0 210.0 tarifs du tonlieu de Tournai, p. 37 (Lille,

2263.0 800.0 304.0 152.0 1935).

2275.0 1148.0 1702.0 194.0 P. Diacre, Hist. Lang. I 1. dit que de la

2215.0 1235.0 1837.0 232.0 populosa Germania ds captivorum turbae

2216.0 1327.0 1834.0 215.0 innumerabiles sont vendus aux meridiani

2244.0 1516.0 351.0 115.0 populi

2244.0 1749.0 899.0 149.0 Cf Buchner, p.47.

2196.0 1873.0 1761.0 214.0 On ne dit pas qu il est question de Marseille,

2250.0 1983.0 1691.0 207.0 ms Krusch dit en note qu il ne peut en

2272.0 2117.0 784.0 166.0 être autrement.

2398.0 3351.0 402.0 126.0 pl haut

2188.0 4084.0 1806.0 205.0 Guilhermoz p. 74 a certainement tort de

2133.0 4221.0 1466.0 188.0 vouloir en faire un soldat privé.
