4090 5056
3516.0 60.0 317.0 163.0 28

103.0 44.0 1934.0 158.0 au nom de l'empereur. Il adopte le nom

98.0 117.0 2008.0 201.0 de Flavius signe qu'il prend la nationalité

103.0 230.0 2017.0 182.0 romaine. les inscriptions l appellent sem¬

109.0 325.0 2031.0 217.0 per augustus, propagator Romani nominis.

97.0 425.0 1981.0 213.0 La garde du roi faite sur le modèle byzantin,

115.0 537.0 2017.0 179.0 et tout le ceremonial de la cour. L Organisat.

109.0 666.0 2017.0 173.0 judiciaire est toute romaine même pour les

120.0 741.0 2028.0 202.0 Goths. L edit d Theodoric tout romain. Pas de

117.0 860.0 1978.0 194.0 droit pour les Goths. Le roi n'a pas protégé

126.0 971.0 2025.0 188.0 et c est sa grosse schuld, " die zarte Pflanze

115.0 1074.0 2073.0 202.0 des nationalen Rechtes" (Schmidt, Stämme

126.0 1174.0 1972.0 225.0 p.387). Les Goths forment les garnison des Villes,

115.0 1292.0 2036.0 177.0 vivant de leurs revenus en terre et recevant

115.0 1401.0 1980.0 183.0 une solde. Ils ne peuvent revêtir d'emplois

115.0 1511.0 2039.0 182.0 civils. Pas la moindre action ne leur est pos¬

127.0 1634.0 1968.0 193.0 sible sur le gouvernement, si ce n'est à ceux

134.0 1741.0 1992.0 189.0 qui font partie avec les Romains de l'entou¬

114.0 1867.0 1987.0 183.0 rage du roi. Dans ce royaume où leur roi

129.0 1977.0 1966.0 162.0 commande, ils sont en réalité des étrangers.

117.0 2082.0 2015.0 179.0 (Schmidt) mais des étrangers bien rentés, une

117.0 2190.0 1970.0 187.0 Caste militaire vivant grassement de son

134.0 2294.0 1969.0 193.0 emploi. C'est cela, ce n'est pas un soi disant

134.0 2426.0 2009.0 166.0 caractère national qui les relie les uns aux

137.0 2550.0 2031.0 178.0 autres et expliquera l'énergie de leur résis¬

134.0 2657.0 1964.0 200.0 tance sous Justinien. Schmidt Stämme p.293

137.0 2780.0 1983.0 189.0 reconnait que des son établissement en Italie

140.0 2873.0 2090.0 226.0 "das gothische Volks Königtum Theodorichs war

132.0 2983.0 2025.0 188.0 erloschen" Il n'est plus qu'un fonctionnaire

126.0 3081.0 2087.0 205.0 de Zénon. A peine est-il arrivé en Italie, l'Eglise

134.0 3221.0 1961.0 203.0 et la population le reconnaissent comme le

129.0 3328.0 1966.0 194.0 représentant de la legalité (Schmidt, 299). Le

137.0 3443.0 2239.0 186.0 pouvoir personnel du roi s'exerce par des saiones

146.0 3573.0 1988.0 186.0 dont le nom gothique n'empêche pas qu'ils

151.0 3687.0 1911.0 183.0 soient une imitation des agentes in rebus

143.0 3822.0 1938.0 161.0 romains (Hartmann I 100). En somme, les

143.0 3904.0 2062.0 174.0 Goths sont la base militaire du pouvoir royal

140.0 4069.0 1531.0 134.0 qui à part cela est tout romain.

193.0 4181.0 1910.0 175.0 Sans doute on ne trouve pas l'empreinte

154.0 4297.0 2104.0 166.0 romaine aussi profonde chez les autres barbares,

162.0 4439.0 570.0 116.0 mais encore.

165.0 4502.0 2014.0 169.0 Chez les Vandales, en dépit de la rupture avec

160.0 4631.0 2028.0 161.0 l'Empire, tout caractère germanique est ab¬

160.0 4745.0 2068.0 182.0 sent de l'organisation de l'Etat. Pourtant ici,

2205.0 167.0 1601.0 189.0 Son titre "Flavius Theodoricus rex"

2221.0 1002.0 1711.0 169.0 En fait Theodoric combat les guerres sui¬

2205.0 1129.0 1441.0 137.0 vies et la barbarie germanique.

2193.0 1353.0 1807.0 231.0 Les Goths soumis à l'impôt foncier. Mais le

2193.0 1477.0 1787.0 191.0 roi veille à ce qu ils aient le blé bon mar¬

2205.0 1665.0 216.0 113.0 ché.

2303.0 2786.0 1660.0 197.0 Pourtant les Ostrogoths étaient plus

2301.0 2870.0 1665.0 240.0 germaniques que les Wisig. quand ils

2297.0 3012.0 1160.0 181.0 se sont établis en Italie.
