4042 5074
53.0 3.0 2135.0 168.0 un ville maritime. Elle s'oppose à Rome

50.0 139.0 2009.0 182.0 qui n'est que consommatrice par Sa

50.0 257.0 2054.0 157.0 nature de grand entrepôt, de fabrique, de

56.0 397.0 1094.0 127.0 grande base navale.

56.0 456.0 2062.0 201.0 Et son hégémonie est d'autant pl grde

50.0 589.0 2045.0 181.0 que l'Orient est plus actif. La Syrie est le

42.0 704.0 2084.0 174.0 point d'arrivée ds voies qui mettent l'Em¬

45.0 820.0 2011.0 160.0 pire en rapport avec l'Inde et la Chine.

45.0 924.0 1999.0 169.0 Par la mer noire on correspond avec le

39.0 1088.0 282.0 110.0 Nord.

44.0 1133.0 2063.0 180.0 L'Occident en dépend pour le luxe, les fabri¬

56.0 1313.0 234.0 93.0 cants.

53.0 1341.0 2065.0 200.0 C'est en Orient que se concentre la naviga¬

56.0 1475.0 2079.0 186.0 tion. Les Syriens ou ce qu'on appelle sont

45.0 1604.0 2014.0 154.0 les routiers des mers. Par eux le papyrus

53.0 1705.0 2000.0 163.0 les épices, l'ivoire, les vins de luxe se ré¬

50.0 1818.0 2119.0 163.0 pandent jusqu'en Bretagne. Les étoffes pre¬

62.0 1933.0 2002.0 159.0 cieuses y arrivent d'Egypte comme les her¬

56.0 2049.0 2082.0 149.0 bes pour ascètes (Perdrizet). Il y a partout

56.0 2164.0 2073.0 170.0 des colonies de Syriens. Marseille est un port

53.0 2317.0 787.0 122.0 à moitié grec.

62.0 2359.0 2073.0 192.0 Et avec ces Syriens se répandent les Juifs épar¬

62.0 2489.0 2087.0 177.0 pillés ou plutôt groupés dans toutes les villes.

56.0 2606.0 2042.0 185.0 Ce sont des marins et courtiers, des banquiers

50.0 2731.0 2071.0 167.0 dont on doit admettre que l'influence a été

53.0 2852.0 2087.0 144.0 continuelle dans la vie économique du temps

47.0 2962.0 2057.0 135.0 comme l'influence orientale se décèle à la m^.

56.0 3064.0 1966.0 158.0 époque dans l'art, dans les idées religieuses,

47.0 3184.0 2102.0 142.0 cultes orientaux d'abord, puis christianisme.

53.0 3295.0 2110.0 121.0 L ascetisme est arrivé d'Orient en Occident

59.0 3393.0 2002.0 147.0 par la mer comme avant lui le culte de

59.0 3532.0 928.0 112.0 Mithra par exemple.

51.0 3605.0 1844.0 162.0 Sans Ostie, Rome est incompréhensible.

56.0 3728.0 2031.0 159.0 Si de l'autre côté Ravenne devient la rési¬

53.0 3870.0 2138.0 127.0 dence des Empereurs in partibus occidentis à cause

56.0 4005.0 1512.0 131.0 de l'attraction de Constantinople,

62.0 4125.0 2028.0 140.0 Par la Méditeranée l'Empire forme donc

53.0 4252.0 1997.0 128.0 de la manière la plus évidente une Unité

53.0 4357.0 2023.0 155.0 économique. C'est un grand territoire avec

62.0 4497.0 1565.0 129.0 de peages, mais sans douanes.

76.0 4594.0 2000.0 138.0 Et il benéficie de l'avantage immense de

53.0 4707.0 2065.0 133.0 l'unité monetaire par le sou d'Or constan¬

81.0 4820.0 2107.0 158.0 tinien. C'est une pièce d'or de 4 gr.55 et fin

2284.0 1265.0 1656.0 175.0 Cette suprématie de l'Orient depuis

2270.0 1355.0 1678.0 198.0 le IIIe s. (mais déjà avant) mise en re¬

2270.0 1431.0 1630.0 212.0 lief par Bratianu d^s son article de

2284.0 1547.0 1662.0 206.0 l'Istros, 1934. Il y voit le point de dé¬

2245.0 1657.0 1756.0 195.0 part de la separat^. de l'Occident et

2270.0 1756.0 1628.0 194.0 de l'Orient que l'Islam achevera.

2276.0 1860.0 1565.0 183.0 Cf aussi l'etude de Paulova sur

2256.0 1964.0 1628.0 203.0 l'Islam et la civilisat^. méditerr.

2232.0 2102.0 1161.0 256.0 Prague.

2250.0 4752.0 900.0 197.0 (Albertini, p. 365).

3601.0 54.0 254.0 305.0 5
