4090 5056
3482.0 42.0 300.0 215.0 23

120.0 103.0 2087.0 192.0 Dira-t-on que les Germains apportaient avec

87.0 216.0 2050.0 160.0 eux la moralité d'un peuple jeune, C. a. d.

92.0 342.0 2034.0 150.0 d'un peuple chez qui les liens personnels de fi¬

82.0 435.0 2114.0 149.0 delité l 'emportent sur la sujétion à l'Etat.

84.0 553.0 2050.0 135.0 C 'est un thème convenu. C'est en même

87.0 637.0 2106.0 182.0 temps un thème romantique et un dogme

89.0 757.0 1981.0 166.0 chez certaine école germanistique. Et on a

98.0 879.0 1963.0 158.0 beau jeu à citer Salvien et son parallèle

92.0 996.0 1967.0 127.0 entre la décadence morale des Romains

89.0 1070.0 1981.0 196.0 et les vertus des barbares. Mais ses vertus

98.0 1160.0 1994.0 176.0 n 'ont pas résisté au casement au milieu

101.0 1283.0 1949.0 155.0 des romanisés. Mundus senecscit, dit

120.0 1394.0 1967.0 167.0 Grégoire de Tours. Et il suffit de le lire pr

101.0 1505.0 2047.0 194.0 trouver chez lui à chaque pas les traces de la

92.0 1617.0 2045.0 186.0 plus grossière décadence morale : ivrogne¬

101.0 1659.0 2389.0 245.0 rie, debauche, cupidité, adultères, meurtres cruauté

101.0 1864.0 1963.0 147.0 abominables et une perfidie qui règne du

88.0 1986.0 1990.0 133.0 haut en bas de l'ordre social. La cour des

96.0 2089.0 2000.0 160.0 rois atteste autant de crimes que celle de

98.0 2192.0 1983.0 177.0 Ravenne. Hartmann fait observer que la

108.0 2292.0 2080.0 161.0 Germanische Treue est une fable convenue.

92.0 2407.0 2041.0 155.0 Theodoric fait assassiner Odoacre après lui

92.0 2505.0 2048.0 189.0 avoir juré la vie sauve. Gontran demande

96.0 2612.0 2041.0 166.0 au peuple de ne pas l'assassiner. Tous les rois

92.0 2747.0 2048.0 155.0 Wisigoths, sauf rares exceptions, meurent par

98.0 2865.0 2048.0 142.0 le couteau. La cour des Mérovingiens est un

96.0 2966.0 2054.0 164.0 lupanar. Frédégonde une mégère épouvan¬

103.0 3086.0 2048.0 149.0 table. Théodahat fait assassiner sa femme.

112.0 3193.0 2020.0 163.0 Ce ne sont que guet-apens, épouvantables et

101.0 3289.0 2112.0 169.0 un manque de moralité presque incroyable.

89.0 3404.0 2034.0 172.0 L histoire de Gundovald a cet égard est un

106.0 3516.0 2068.0 176.0 bijou. L'Ivrognerie semble être la manière

109.0 3648.0 2006.0 132.0 d'être de tous. Des femmes font assassiner

112.0 3749.0 2014.0 134.0 leur mari par leur amant. Tout le monde

109.0 3870.0 2037.0 136.0 est à vendre pour de l'or. Et tout cela sans

92.0 3974.0 2059.0 143.0 distinction, aussi bien chez les Romains que

98.0 4092.0 2042.0 151.0 chez les Germains. Le clergé même et jusqu'aux

101.0 4213.0 2031.0 127.0 religieuses est corrompu, encore que ce soit chez

106.0 4311.0 1947.0 142.0 lui que la moralité se soit réfugiée. Mais

92.0 4421.0 2006.0 132.0 dans le peuple, la religiosité ne va pas au des¬

98.0 4539.0 1997.0 157.0 sus d'une grossière thaumaturgie. Ce qui a

98.0 4657.0 1944.0 125.0 disparu en partie ce sont les vices urbains, les

101.0 4755.0 2059.0 142.0 mimes, les courtisanes, mais pas partout. Tout

2209.0 1933.0 514.0 152.0 Italien I,76.

2207.0 2216.0 1773.0 195.0 Chez les Burgondes, en 500 Godegisel trahit

2205.0 2318.0 1654.0 187.0 son frère Gundobad en faveur de Clovis.

2171.0 2404.0 1761.0 177.0 Schmidt, Stämme p.151. Chlodomir fils de

2203.0 2508.0 1736.0 172.0 Clovis fait jeter dans un puits son prisonnier

2193.0 2594.0 1793.0 196.0 Sigismond roi de Burgondes (Ibid. 163) Le

2168.0 2699.0 1756.0 176.0 roi Wisig. Theodoric I trahit les Romains.

2202.0 2788.0 1783.0 191.0 Voy. comment Genséric se conduit à l égard

2205.0 2914.0 1336.0 170.0 d l fille du roi des Wisig. sa bru.
