4090 5056
3655.0 42.0 388.0 248.0 32

235.0 42.0 1972.0 185.0 les deux races, introduit la parenté ro¬

241.0 179.0 1312.0 143.0 maine pour les Wisig. etc.

252.0 269.0 1927.0 186.0 Sous Reccared (586-608) l'amalgame

244.0 387.0 1955.0 132.0 judicaire est Complet. Le liber judicum

238.0 471.0 1964.0 169.0 promulgué par Receswinth en 654 l'atteste.

323.0 570.0 1898.0 149.0 L'esprit en est romain et ecclesiastique. Car

233.0 665.0 2022.0 166.0 depuis la conversion de Reccared l Eglise joue un

241.0 755.0 2037.0 152.0 rôle énorme. Les 18 conciles de 589- 701 sont

241.0 848.0 2031.0 197.0 convoqués par le Roi. Il y appelle d'ailleurs des

230.0 963.0 2036.0 163.0 laïques de sa cour à coté des évêques. On con¬

238.0 1058.0 2054.0 149.0 sulte des Conciles non seulement en matière

244.0 1146.0 2014.0 201.0 ecclesiastique, mais civile. Cette eglise dont le

248.0 1251.0 1990.0 169.0 Roi continue à nommer les dignitaires est très

264.0 1370.0 1957.0 167.0 loyaliste, même à l'egard des rois Ariens.

265.0 1448.0 2045.0 190.0 Quand Athanagild se revolte contre Leovigild,

264.0 1557.0 2039.0 188.0 elle reste fidèle à celui-ci. Elle en proclame

261.0 1660.0 2041.0 193.0 l electivité p elle et les grands et introduit le

261.0 1839.0 289.0 121.0 sacre.

282.0 1845.0 1944.0 232.0 Le roi a eu au debut des insignes germaniques

265.0 1956.0 2113.0 242.0 qu il change pl tard contre des insignes romains.

280.0 2103.0 2023.0 203.0 Le pouvoir du roi est un pouvoir public et non

258.0 2252.0 1475.0 190.0 une simple Tyrannie personelle

265.0 2338.0 2117.0 220.0 les Hrrd folles militaires se sont tellement aec¬

259.0 2437.0 2139.0 232.0 essis qu en 681 Erurige oblige les propiétaires

253.0 2564.0 2027.0 174.0 à amener à l'armée le dixième des leurs es¬

266.0 2727.0 736.0 107.0 claves en armes.

362.0 2751.0 1881.0 230.0 Ceci ne change d'ailleurs en rien l'absolu¬

294.0 2870.0 1956.0 224.0 tisme Royal que l'Eglise soutient  "Nefas est

288.0 2981.0 2037.0 192.0 <...> in dubium deducere jus potestatem cui

264.0 3075.0 2070.0 245.0 ommium gubernatio superno constat dele¬

275.0 3204.0 2078.0 205.0 gata judicio" (6e concile apud Ziegler ). Cindas¬

283.0 3310.0 2017.0 200.0 vind élu en mai 642 fait mettre à mort ou

269.0 3398.0 2222.0 231.0 réduire en esclavage 700 aristocrates (Lot, 329)

289.0 3547.0 2020.0 202.0 Ziegler p 126 dit que le roi ne s'est appuyé sur

272.0 3661.0 2072.0 220.0 l Eglise que pour tenir tête à l'aristocratie.

294.0 3789.0 1998.0 207.0 Mais cette église qu'il nomme est servile à

286.0 3895.0 2216.0 220.0 son égard. Il n'y a pas théocratie. Je crois plutôt

303.0 4033.0 1972.0 189.0 que ce roi évolue vers le Byzantinisme

283.0 4151.0 1989.0 188.0 Il légifère comme les empereurs en matière

286.0 4249.0 1997.0 208.0 religieuse. Leur élection que Lot 329 semble

297.0 4370.0 2037.0 169.0 prendre au serieux Ziegler p.124 reconnait

303.0 4474.0 2036.0 209.0 très bien que c'est une fantasmagorie. En

292.0 4594.0 2143.0 190.0 réalité il y a là comme a Byzance un mélange

303.0 4699.0 2725.0 199.0 d hérédité, d intrigues, de coups de force, Leovigild (567-586)

2421.0 999.0 1615.0 169.0 Onction royale attestée pr. Wamba

2339.0 1093.0 1678.0 186.0 en 672 ms s. d. pl ancienne et remontant

2348.0 1187.0 1582.0 190.0 peut etre à Reccaréde 586-600. Bloch,

2882.0 1305.0 932.0 147.0 Thaumaturge, p.460.

2437.0 1394.0 210.0 177.0 633

2344.0 1638.0 729.0 135.0 Lot, Berr p. 329

2297.0 1778.0 1793.0 186.0 Ibid p.329. Recesvint vers 630 adopte le costume

2399.0 1971.0 442.0 106.0 byzantin.
