4090 5056
3591.0 88.0 350.0 184.0 55

109.0 56.0 1955.0 115.0 montrent des baux perpétuels, tout un

101.0 171.0 1994.0 121.0 système de possession identique ou à peu

92.0 294.0 1719.0 121.0 de chose près au système romain.

115.0 418.0 2008.0 135.0 La grande propriété foncière reste pleine de

101.0 524.0 2022.0 175.0 vigueur. Grégoire VI. 20 nous parle d'un

106.0 625.0 2009.0 182.0 Chrodinus qui fonde des villas, plante des

103.0 751.0 2003.0 130.0 vignes construit des batiments et organise

106.0 850.0 1854.0 138.0 des cultures pour les donner aux évêques.

115.0 960.0 2098.0 187.0 Grégoire le Grand remettant en ordre les biens

101.0 1070.0 2095.0 157.0 de l'Eglise romaine reconstitue exactemt

112.0 1216.0 1123.0 129.0 le système antérieur.

117.0 1317.0 1998.0 143.0 les grands domaines de l'Eglise sont admi¬

112.0 1449.0 2006.0 126.0 nistrés par des Conductores saeculares qui

109.0 1561.0 1927.0 138.0 payent une rente de sorte que les moines

105.0 1662.0 1991.0 173.0 n'ayent à s occuper que "de sola anima"

106.0 1772.0 2003.0 163.0 (Lesne, I. 309) Ces conductores, comme les

106.0 1890.0 2110.0 140.0 juniores des domaines de l'évêque du Mans

117.0 2005.0 2029.0 124.0 à Ardin en Poitou sont responsables des re¬

112.0 2101.0 2056.0 151.0 devances, avancent leur montant au pro¬

106.0 2207.0 2000.0 170.0 priétaire, rendent des comptes, savent donc

109.0 2318.0 1461.0 136.0 écrire et ce sont des laïques.

129.0 2418.0 2053.0 174.0 Presque toujours, les prestations sont en argent,

103.0 2539.0 1995.0 159.0 ce qui démontre qu il y a encore circulation

109.0 2654.0 1972.0 150.0 des biens, ventes au marché. On ne voit pas

106.0 2789.0 1481.0 123.0 encore les curtes du Moyen Age

109.0 2894.0 1989.0 178.0 En Provence, à l'époque merovingienne,

117.0 3039.0 1998.0 157.0 le système des tenures est tout romain.

106.0 3155.0 1992.0 159.0 Il n'y a là semble-t-il que de petites exploita¬

110.0 3283.0 1957.0 146.0 tions de Colons. Mais on voit dans le Nord

120.0 3384.0 1927.0 158.0 la terra indominicata. Par exemple le

112.0 3508.0 1977.0 156.0 cartulaire de S. Vincent de Mâcon donne pr

97.0 3620.0 2099.0 174.0 l'époque du roi Gontran une liste de servientes

124.0 3744.0 2120.0 178.0 de cette terre qui est exploitée par des esclaves

108.0 3859.0 2240.0 166.0 ou les Corvées des Tenanciers. (Kiener p.34 p.69)

151.0 3999.0 2082.0 201.0 Le transport en grand de céréales existe encore.

111.0 4104.0 2049.0 217.0 En 510 Theodoric fait transporter des masses

117.0 4242.0 2023.0 193.0 de grains en Provence à cause des ravages qu'y

122.0 4372.0 2026.0 193.0 a fait la guerre (Buchner p. 30) et on con¬

102.0 4493.0 2122.0 222.0 nait la centralisation des produits des domaines

103.0 4622.0 1002.0 205.0 de Grégoire le Grand.

129.0 4733.0 2059.0 213.0 Il est certain que la grande propriété à cette

2177.0 1589.0 1721.0 172.0 Voy de m. le texte de Césaire d'Arles ds Kiener

3356.0 1679.0 551.0 152.0 p. 37 n.84

2168.0 2848.0 1660.0 179.0 Kiener 34. 9 Buchner 30 qui croit

2185.0 2960.0 1615.0 172.0 l agriculture encore très developpée et

2185.0 3115.0 458.0 140.0 rentable
