4090 5080
3675 38 338 296 95

169 25 1998 127 C'est donc en grande partie par la phrase que

160 122 2012 110 se soutient cette littérature. Mais elle prouve

152 232 2007 119 par cela même qu il y avait encore pas mal de

152 321 2032 136 lettrés dans la haute société d l'Italie théo¬

169 410 521 161 doricienne.

169 520 2007 174 Boèce né a Rome en 480 d la grde famille des

169 613 2028 191 Anicii, consul en 510, ministre d Theodoric qui

173 736 1999 178 lui confie le soin de mettre de l'ordre ds le

177 838 2037 169 système monétaire puis exécuté en 525 pur com¬

165 948 2049 165 plot tramé avec Byzance. Traduit Aristote avec

169 1041 2062 169 commentaires qui influencèrent le M. Age. -tra¬

173 1143 1990 177 duit l'Isagoge de Porphyre. Traduit aussi et com¬

177 1244 1978 169 mente des musiciens et Mathématiciens grecs.

186 1312 2011 199 Puis dans sa prison De consolatione philoso¬

173 1401 2083 220 phiae où le christianisme se mêle à une morale

182 1511 2015 195 Stoïco-romaine. C est encore un esprit et qui

177 1672 271 131 pense.

203 1718 1994 237 Cassiodore est un grd Sgr né vers 477 principal

186 1833 2049 199 ministre de Theodoric <.... .... ... .....>

190 1921 2062 229 dont il gagne la faveur par un panegyrique com¬

182 2032 2023 186 posé en son honneur. A 20 ans il est questeur

203 2125 1985 194 et secretaire d Theodoric. fut consul. Même

203 2235 1939 186 après Théodoric, jusqu'à Vitiges, il conserve sa

182 2307 2023 220 position à la cour mais son influence ne dure

203 2451 1405 177 que sous Amalasuntha (531).

198 2548 2058 212 En 540 se retire de la carrière pour se consa-

207 2637 2100 220 crer à la vie religieuse au cloître de Vivarium

211 2747 1994 203 fondé par lui dans ses terres du Bruttium

203 2857 2036 203 que son arrière-grand père avait jadis dé¬

194 2971 1952 204 fendu contre Genséric (530). Il veut que les

211 3073 2079 212 cloîtres réunissent la litterature classico-An¬

220 3200 1939 169 tique et la litterature chrétienne + entre 577

211 3318 1939 191 et 580. Je suppose que cette idée de réfugier la

220 3416 2002 199 culture dans les cloîtres lui a été inspirée p.

215 3505 2075 224 l guerre d Justinien qui l'a empêché d etablir

228 3657 1778 174 l'ecole de theologie qu'il rêvait (533).

232 3754 1999 191 Il faut encore mentionner Arator (548)

220 3873 2002 178 entré au service de l'Etat sous le règne d'A¬

215 3979 2007 186 thalaric et qui fut comes domesticorum et

224 4085 1998 182 comes privatarum. Il entre dans l'Eglise pro¬

211 4195 2109 161 bablement pendant le siege de Rome par Vitigès,

228 4296 2020 199 avoir un asyle (549) En 544 il déclame pu¬

245 4415 1960 173 bliquement son poème De actitus apostolorum

228 4516 1334 178 ds l Eglise S. Pierre ad Vincula.

232 4639 2083 165 Venantius Fortunatus né entre 530-540 étudie

241 4749 2036 191 la grammaire, la rhétorique et la jurisprudence

245 4881 2079 182 à Ravenne. En 560 il part pour la Gaule où il con¬
