4042 5032
75.0 69.0 1069.0 144.0 ayant cours partout

100.0 167.0 2014.0 160.0 On sait que depuis Dioclétien il y a eu un flé¬

61.0 293.0 1958.0 132.0 chissement économique général. Mais il

64.0 402.0 2000.0 143.0 parait certain que le IVe siecle a vu un re¬

58.0 500.0 2000.0 150.0 dressement, une plus active circulation

61.0 634.0 607.0 106.0 monétaire

117.0 740.0 1952.0 133.0 autour de cet Empire entouré de barbares

64.0 858.0 1983.0 132.0 il a suffi pendant longtemps de la garde des

67.0 972.0 1955.0 162.0 légions aux frontières: le long du Sahara,

55.0 1073.0 1990.0 133.0 sur l'Euphrate, sur le Danube, sur le Rhin.

55.0 1188.0 1981.0 131.0 Mais derrière la digue l'eau s accumule. Au

64.0 1284.0 2003.0 147.0 IIIe s. les troubles civils aidant, il y a des fissu¬

61.0 1428.0 1994.0 113.0 res, puis des brèches. De toute part, c'est une

55.0 1517.0 2009.0 139.0 irruption de Francs, d'Alamans, de Goths qui

64.0 1624.0 1941.0 164.0 pillent la Gaule, la Rhetie, la Pannonie, la

55.0 1747.0 364.0 103.0 Thrace.

58.0 1828.0 2020.0 134.0 Le coup de balai des empereurs Auréliens re¬

55.0 1937.0 2040.0 140.0 foule tout cela et rétablit la frontière. Mais

55.0 2040.0 2037.0 175.0 du côté des Germains il ne suffit plus du li¬

50.0 2163.0 2047.0 138.0 mes. Il faut maintenant une résistance en

55.0 2278.0 2026.0 144.0 profondeur, des chemins de rocade. On forti¬

55.0 2381.0 2051.0 128.0 fie les villes de l'intérieur, ces villes qui sont

55.0 2507.0 1972.0 126.0 les centres nerveux de l'Empire. Rome et

50.0 2609.0 2059.0 133.0 Constantinople deviennent deux places fortes

61.0 2727.0 431.0 93.0 modèles.

72.0 2826.0 2003.0 141.0 Et il n'est plus question de se fermer aux bar¬

50.0 2924.0 2028.0 153.0 bares. La population diminue, le soldat devient

44.0 3055.0 2020.0 123.0 un mercenaire. On a besoin d'eux pour le tra¬

41.0 3150.0 2065.0 168.0 vail des champs et pour la troupe. Et ils en deman¬

41.0 3276.0 2020.0 136.0 dent pas mieux que de s'embaucher au service

44.0 3371.0 2003.0 140.0 de Rome. Ainsi, l'Empire sur ses frontières se

44.0 3481.0 2034.0 145.0 germanise par le sang, mais non pour le reste

41.0 3603.0 1732.0 125.0 car tout le qui y entre se romanise.

53.0 3706.0 1997.0 155.0 Tous les Germains qui y entrent, c'est pour le

44.0 3826.0 1989.0 121.0 servir en en jouissant. Ils ont pour lui le res¬

41.0 3920.0 1998.0 156.0 pect des barbares pour le civilisé. A peine ils y

47.0 4033.0 1986.0 138.0 sont, ils prennent sa langue et aussi sa reli¬

64.0 4134.0 2017.0 123.0 gion. C'est à dire le Christianisme depuis le

61.0 4240.0 2014.0 114.0 4e siecle et en se christianisant, en perdant leurs

55.0 4349.0 1986.0 123.0 Dieux nationaux, en frequentant les mêmes

55.0 4464.0 1668.0 129.0 eglises, ils se romanisent davantage.

50.0 4570.0 1922.0 146.0 Bientôt l'armée presque tout entière sera

50.0 4675.0 1973.0 139.0 recrutée de barbares et beaucoup d'entre eux

61.0 4780.0 2325.0 145.0 feront carrière. Il suffit de citer ici Stilicon (Vandale).

2218.0 1920.0 1561.0 173.0 L'attitude défensive (Voir pl haut).

2215.0 3483.0 1645.0 231.0 Cepend. en 370 une loi des Valentiniens et Valens

2198.0 3578.0 1718.0 209.0 interdit mariages entre provintiales et genti¬

2195.0 3751.0 929.0 129.0 les, Lot, Invas. p. 168.

2269.0 3855.0 626.0 106.0 sous peine de mort.

2243.0 4019.0 1727.0 202.0 Ça  commence surtout sous Theodose (Albertini,

2202.0 4129.0 1638.0 189.0 p. 385) Sous lui déja Arbogast est maître des

2195.0 4321.0 330.0 79.0 soldats.

2375.0 4482.0 963.0 166.0 Gainas (Goth) albert p. 412.

2149.0 4653.0 629.0 130.0 Add Ricimer.
