4090 5056
3508.0 4.0 439.0 329.0 33

109.0 94.0 2000.0 167.0 épouse une princesse byzantine, ce qui ne

109.0 205.0 1916.0 145.0 l empêche pas de repousser les Byzantins.

105.0 301.0 2013.0 174.0 Les rois Wisigoths ont des Spathariis comme

104.0 390.0 1808.0 179.0 les Empereurs (Guilhermoz, p 13 n.55).

109.0 543.0 2054.0 160.0 L'éphémère royaume des Burgondes anne¬

103.0 634.0 1975.0 163.0 xé par les rois francs en 534 est dans les

106.0 740.0 2012.0 164.0 meilleurs termes avec l'Empire après avoir ré¬

101.0 848.0 2039.0 191.0 ussi à prendre Lyon. Les Burgondes sont établis

75.0 977.0 2058.0 152.0 comme les Ostrogoths et les Wisigoths suivant

101.0 1088.0 2047.0 167.0 l'hospitalitas. Au moment de leur établisse

109.0 1190.0 2014.0 172.0 ment, Sidoine les décrit comme des barbares

103.0 1283.0 2076.0 177.0 naïfs et brutaux. Mais leurs rois sont tout

101.0 1384.0 2053.0 214.0 Romains. Gundobad a été magister mili¬

115.0 1508.0 2025.0 180.0 tum praesentialis. A leur cour abondent les

112.0 1592.0 2115.0 213.0 poètes et les rhéteurs. ce roi Sigismond se vante

117.0 1733.0 2074.0 174.0 d'être un soldat de l'Empire et dit que son

106.0 1842.0 2287.0 188.0 pays est une partie de l'Empire (Hartmann I 218)

92.0 1954.0 2137.0 183.0 ces rois ont un Quaestor Palacii, des Domestici.

129.0 2082.0 2042.0 183.0 Ce Sigismond de plus haut est un instrument de

123.0 2160.0 2048.0 208.0 Byzance qui recoit de l'empereur Anastase le

120.0 2256.0 2079.0 197.0 titre de patrice. Ils sont les soldats de l Empire

117.0 2440.0 888.0 121.0 contre les Wisigoths.

134.0 2464.0 2029.0 219.0 La capitale est Lyon. Les Burgondes et les Romains

129.0 2592.0 2048.0 205.0 "Una conditione teneantur" (Loi Gombette)

115.0 2696.0 2157.0 213.0 pas la moindre différence entre eux. Il semble

126.0 2826.0 2065.0 182.0 qu'à la difference des autres Etats germaniques

115.0 2935.0 2104.0 177.0 dits fédérés, les Romains servent dans l'armée

126.0 3058.0 2034.0 168.0 et ont le connubium avec les Burgondes. Ils

115.0 3162.0 1934.0 162.0 se coiderent c. faisant partie de l Empire

115.0 3264.0 2059.0 176.0 Sigismond dit à l Empereur "vester quidem

633.0 3392.0 272.0 55.0 meus

100.0 3353.0 2023.0 204.0 est populus <....>". Ils datent par années

115.0 3483.0 1974.0 176.0 des Consuls. Le roi est magister militum au

115.0 3668.0 932.0 95.0 nom de l'Empereur.

130.0 3707.0 2066.0 183.0 le roi est absolu. Il n'y a pas partage du pays,

140.0 3836.0 2003.0 201.0 mais quand l roi a plusieurs fils, ce sont des

140.0 3946.0 2017.0 169.0 vice-rois (unterkönige. Schmidt). La cour

120.0 4053.0 2099.0 177.0 surtout composée de Romains. Aucune trace

137.0 4174.0 2037.0 197.0 de bande guerrière (militärisches Gefolge) A

134.0 4272.0 2043.0 225.0 le tète de pagi ou civitates, un comes. A côté

151.0 4378.0 2113.0 208.0 de lui pour la justice, un judex deputatus, éga¬

162.0 4505.0 1981.0 171.0 lement nommé par le roi et jugeant sui¬

165.0 4663.0 1158.0 160.0 vant l'usage romain.

160.0 4740.0 1978.0 163.0 La Sippe primitive a disparu bien que son

162.0 4794.0 2456.0 229.0 souvenir subsiste dans le nom de faramanni (libres).

2209.0 383.0 1412.0 244.0 Sur eux le recit très detaillé de Coville

2246.0 897.0 1595.0 260.0 en 443 en Sapaudia. Coville, 109.

2229.0 2254.0 1776.0 301.0 dont ils s'emparèrent entre 470-474 (Co¬

2523.0 2451.0 617.0 159.0 ville, p. 138).
