4090 5056
3678.0 54.0 243.0 318.0 17

1948.0 193.0 147.0 123.0 3

1179.0 298.0 1177.0 185.0 les Germains ds La Romania

81.0 547.0 2053.0 194.0 En réalité ce qui a été perdu par elle est peu

75.0 654.0 2082.0 183.0 de chose. C est une bande frontière au Nord

80.0 771.0 1977.0 221.0 entre la Grande Bretagne où les anglo Sa¬

84.0 890.0 2005.0 180.0 xons se sont substitués aux Bretôns pl ou

84.0 988.0 2048.0 196.0 moins romanisés dont une partie émigre

84.0 1117.0 1965.0 171.0 en Bretagne. La partie perdue au Nord peut

75.0 1210.0 1970.0 176.0 s evaluer en comparant l ancien limes Rhin

78.0 1312.0 2062.0 207.0 Danube avec la frontière linguistique actuelle

89.0 1443.0 2037.0 192.0 entre langue germanique et langue roma¬

84.0 1525.0 2036.0 215.0 ne. Là il y a eu glissement de la Germanie sur

91.0 1648.0 1947.0 218.0 l'Empire. Cologne, Mayence, Trèves, Ratis¬

81.0 1749.0 2025.0 208.0 bone, Vienne sont aujourd'hui des villes alle¬

96.0 1845.0 2000.0 219.0 mandes et les extremi hominum sont en pays

81.0 1991.0 2011.0 185.0 flamand. Sans doute la population roma¬

84.0 2091.0 1972.0 184.0 nisée n'a pas disparu d'un coup. Il subsiste

89.0 2194.0 1981.0 193.0 des chrétiens, donc des Romains, à Cologne et à

75.0 2303.0 2028.0 194.0 Trèves. Au contraire ils semblent avoir dis¬

89.0 2424.0 2107.0 174.0 paru complètement à Tongres, Tournai, Arras.

87.0 2539.0 2061.0 175.0 Mais ceux qui ont subsisté se sont peu a peu

92.0 2640.0 2020.0 174.0 germanisés. Les Romani de la Loi Salique at¬

78.0 2744.0 2093.0 157.0 testent ces survivant et la Vita S. Severini per¬

78.0 2842.0 2037.0 180.0 met de surprendre dans le Norique l'état in¬

81.0 2952.0 2020.0 154.0 termédiaire. On sait de plus que des Romans

81.0 3056.0 2011.0 165.0 se sont maintenus longtemps dans les mon¬

84.0 3162.0 2028.0 185.0 tagnes du Tirol et de la Bavière. Ici il y a donc

73.0 3251.0 2002.0 184.0 eu colonisation, substitution d'une population à

78.0 3370.0 2003.0 203.0 une autre, germanisation. C'est le pays des Ger¬

81.0 3486.0 2017.0 162.0 mains Occidentaux et leur etablisement en

84.0 3565.0 2045.0 165.0 masse sur leurs propres frontières, contraste écla¬

78.0 3662.0 2048.0 188.0 tamment avec les formidables migrations qui

89.0 3754.0 2048.0 194.0 ont amené les Goths du Dnieper en Italie et en Es¬

89.0 3862.0 2034.0 188.0 pagne, les Burgondes de l'Elbe au Rhin, les Van¬

75.0 3974.0 2026.0 180.0 dales de la Theiss en Afrique. Pour eux, ils se sont

84.0 4077.0 2110.0 186.0 borné à passer le fleuve où César les avait fixés.

95.0 4190.0 2000.0 172.0 Est-ce là une affaire de race ? Je ne le crois pas

101.0 4304.0 2035.0 142.0 du tout. La Francs au IIIe siecle s'etaient bien

106.0 4379.0 2034.0 203.0 avancés jusqu'au Pyrénées et les Saxons ont été

120.0 4571.0 683.0 129.0 en Angleterre.

109.0 4609.0 2037.0 202.0 Je croirais pl volontiers que cela s'explique par

84.0 4747.0 2048.0 186.0 la situation géographique. Ils ne menacent pas

2511.0 463.0 1413.0 228.0 faire mieux ressortir le main¬

2486.0 555.0 1432.0 206.0 tien de la communauté médi¬

2483.0 718.0 666.0 128.0 Terranéenne.

2137.0 952.0 1847.0 261.0 Lot, Invasions, p.128 l'estime pour la Gaule à 1/7.

2091.0 1117.0 1965.0 205.0 Et il faut remarquer qu'il n'y a là dedans aucune

2264.0 1262.0 755.0 148.0 région essentielle.

2112.0 1495.0 1736.0 266.0 Voy. Febvre-Demangeon. Le Rhin,

3260.0 1630.0 636.0 146.0 p.50 suiv.

2202.0 2943.0 1691.0 222.0 Sur les vestiges romains en Alsace, Suisse,

2160.0 3056.0 1553.0 230.0 Bavière, voy Lot, Invasions, p.217-220.
