4090 5056
3537.0 24.0 316.0 317.0 39

64.0 20.0 2059.0 154.0 Fortunatus la description des trésors appor¬

64.0 120.0 2065.0 233.0 tés par Galswinthe (VI. 5.233). Le roi Leovigild

64.0 235.0 2054.0 189.0 promet 30000 sous au lieutenant de l'Em¬

78.0 360.0 2021.0 229.0 pereur (Greg, V. 38) pour qu il se range à

53.0 457.0 2112.0 203.0 son parti contre son fils. Bref l intervention

58.0 575.0 2048.0 174.0 de l'Or est continuelle dans cette politique

61.0 665.0 2124.0 202.0 comme dans celle de Byzance, les rois achètent

64.0 853.0 860.0 133.0 et se font acheter.

92.0 918.0 2020.0 177.0 Mais il est encore un autre caractère par

64.0 1009.0 2098.0 215.0 lequel les Etats continuent la tradition anti¬

75.0 1109.0 2087.0 228.0 que, c'est leur caractère laïque. Toute l'ad¬

75.0 1229.0 2127.0 203.0 ministration à tous les degrés est séculière.

58.0 1327.0 2096.0 223.0 Si les rois causent volontiers avec les évêques

64.0 1463.0 2073.0 201.0 pas un d'eux, à la différence du Moyen age

70.0 1558.0 2050.0 217.0 n'a revêtu un office. Au contraire quan¬

67.0 1650.0 2065.0 244.0 tité d'évêques sont d'anciens referendaires

64.0 1783.0 2073.0 236.0 royaux. Mais pas un ecclesiastique n'a rem¬

81.0 1879.0 2062.0 213.0 pli une fonction. A cette époque le contraste

73.0 1999.0 2056.0 183.0 est éclatant avec les missi de Charlemagne,

84.0 2089.0 2090.0 216.0 les évêques impériaux d 'Otton etc. Cela parceque

81.0 2188.0 2045.0 236.0 les laïques comme on le verra plus loin sont

86.0 2320.0 2060.0 188.0 encore instruits. Breslau p.340 cite foule de

103.0 2463.0 1992.0 166.0 référendaires devenus évêques. Voy. aussi

98.0 2567.0 2031.0 187.0 là dessus Sproemberg, Marculf, p.124-25.

80.0 2679.0 2170.0 222.0 Loening II 262 voit fort bien aussi que l Etat

95.0 2794.0 2025.0 218.0 est laïque encore qu'il se trompe dans l'ex¬

95.0 2946.0 2037.0 154.0 plication du fait. Dawson p. 221-222 re¬

98.0 3041.0 2062.0 164.0 connait aussi ce caractère laïque de l'Etat

98.0 3153.0 2062.0 178.0 Il oppose l'Etat profane merovingien à l'Etat

92.0 3275.0 2063.0 173.0 religieux Carolingien. Mais ce que l'on dit à

103.0 3379.0 2065.0 201.0 cet egard des Merov. il faut le dire de même

106.0 3491.0 2054.0 183.0 de tous les autres : Ostrogoths, Wisigoths, Van¬

109.0 3592.0 2020.0 208.0 dales, Burgondes. A cet égard donc, et il est

103.0 3699.0 2098.0 180.0 essentiel l'ordre des choses anciens continue.

98.0 3820.0 2073.0 179.0 Le roi est lui même un pur laïque sans qu'au

113.0 3921.0 2049.0 204.0 cune cérémonie religieuse ne concoure à son

103.0 4089.0 433.0 110.0 pouvoir.

139.0 4137.0 2019.0 210.0 L'Eglise est soumise au roi. Si en théorie les é¬

101.0 4269.0 2033.0 195.0 veques sont nommés par le clergé et le peuple et

101.0 4398.0 2039.0 179.0 ratifiés par le roi, en fait très souvent le roi

103.0 4505.0 2015.0 171.0 les nomme directement. Ici encore c'est la

120.0 4637.0 1995.0 178.0 tradition antique de l'Eglise d'Etat. Comme

123.0 4744.0 2017.0 176.0 en Orient les évêques francs marchaient avec leurs

120.0 4856.0 1981.0 155.0 souverains la main dans la main. Duchesne,

2261.0 1367.0 1621.0 217.0 Didier de Cahors a été trésorier du roi et

2269.0 1550.0 747.0 140.0 prefet de Marseille

2367.0 1584.0 1338.0 194.0 S Ouen référendaire en Neustrie
