4090 5056
3664.0 63.0 253.0 333.0 29

202.0 39.0 1873.0 155.0 en dépit de la fiction des traités il y a bien

191.0 141.0 2002.0 122.0 rupture complète avec l'Empire et ce serait

176.0 255.0 2009.0 151.0 se moquer que de voir en Genséric un fonc¬

176.0 331.0 2006.0 146.0 tionnaire. Il fait contraste avec Theodoric.

168.0 435.0 2011.0 167.0 Au lieu de ménager et de flatter comme lui

171.0 533.0 2050.0 154.0 la population romaine, il la traite avec ri¬

188.0 649.0 1938.0 141.0 gueur et persécute sa foi. Pas de tercia

176.0 749.0 1970.0 116.0 ici. Les Vandales sont établis en masse

168.0 838.0 2066.0 156.0 dans la Zeugitane (Tunisie septentrionale)

176.0 959.0 2110.0 139.0 dont il dépossède ou exproprie les proprié¬

171.0 1067.0 2050.0 146.0 taires romains. Ils vivent de leurs colons en

164.0 1163.0 2037.0 142.0 rentiers. Ils sont exempts de l'impôt. Leur

162.0 1280.0 2079.0 136.0 organisation en thausendschaften (Gautier 207)

176.0 1371.0 1986.0 137.0 que Procope appelle chiliarques est toute mi¬

162.0 1498.0 408.0 111.0 litaire.

162.0 1550.0 1984.0 183.0 Mais tout droit germanique toute insti¬

148.0 1671.0 2026.0 173.0 tution plutôt a disparu quand en 442 Gen¬

157.0 1783.0 2008.0 143.0 seric a vaincu une insurrection de la

165.0 1909.0 1961.0 142.0 noblesse qui cherchait donc à maintenir

160.0 2002.0 2087.0 154.0 à son profit des restes d organisation tribale

168.0 2115.0 2129.0 171.0 et a établi la monarchie absolue (Schmidt

146.0 2258.0 783.0 142.0 Stämme, 113).

157.0 2339.0 2034.0 182.0 Son gouvernement est tout romain. Il frappe

162.0 2456.0 2034.0 169.0 des monnaies à l'effigie d'Honorius. Les ins¬

148.0 2556.0 2040.0 157.0 criptions sont toutes romaines. Il s'etablit

154.0 2671.0 2037.0 180.0 à Carthage c. Theodoric à Ravenne il y a un

140.0 2792.0 2067.0 132.0 palatium. Il ne touche "ni à la vie économique

148.0 2882.0 2354.0 162.0 ni aux realités de l'existence quotidienne" (Albertini)

137.0 2992.0 2006.0 191.0 Il semble même que les rois vandales conti¬

129.0 3095.0 2039.0 170.0 nuent à verser à Rome et à Constantinople les

113.0 3207.0 1957.0 135.0 prestations d huile (Albertini, Ostrakon

127.0 3299.0 1985.0 179.0 byzantin de Négrine ds Cinquantenaire de

140.0 3397.0 1986.0 179.0 la fac des Lettres d'Alger). Quand Genséric

117.0 3513.0 1978.0 152.0 etablit l'ordre de succession au trône, il le

123.0 3640.0 2065.0 152.0 fait par un codicille redigé suivant les pres¬

134.0 3742.0 2057.0 159.0 criptions de la legislat. romaine. Martroye,

129.0 3860.0 2019.0 174.0 Bull. Antiq. 1911 p.235). La chancellerie est

129.0 3971.0 2070.0 171.0 toute romaine (Note Gansh.). Les Berbères roma¬

123.0 4061.0 2006.0 149.0 nisés ont continué à vivre sous les Vandales la

126.0 4181.0 2091.0 172.0 même vie qu'à l'epoque antérieure (Albertini

115.0 4297.0 2011.0 141.0 Journal savants, 1930). A la tête de la chan¬

118.0 4402.0 2023.0 152.0 cellerie il y a un referendarius, Petrus, dont on

118.0 4529.0 1990.0 159.0 a quelques vers. Sous Gelimer Construction de

132.0 4637.0 2070.0 148.0 thermes de Tunis. La littérature reste vivante.

126.0 4753.0 2180.0 137.0 Victor Tonnennensis croit encore à l'immortalité
