4090 5056
3668 94 220 262 60

179 61 1947 137 pagne, mais personne ne croira que ce

165 176 1967 160 qui est vrai de la Gaule ne le soit pas aussi

160 274 2019 164 de ces contrées. Il devait y avoir des Syriens

157 379 2048 154 et des Grecs parmi les tranismarini negotia¬

140 476 2056 138 tores dont parlent Theodoric et la loi des Wi¬

148 575 2096 164 sigoths. On sait par la Vita Patrum Emeriten¬

154 696 2048 168 sium (de Merida) que des negotiatores grae¬

165 806 2017 149 cas in navibus de Orientis partibus adve¬

157 938 668 142 nisse c. 570.

148 1028 2026 148 On connait d'ailleurs par Procope l existence

146 1145 2031 163 à Naples au temps de Belisaire d'un grand

137 1246 2031 177 marchand syrien, Antiochus, qui y est le chef

165 1373 1624 135 du parti romain (Martroye p 192)

182 1469 1941 159 C est s. d. à la frequence de ces Syriens qu'il

157 1593 1955 141 faut attribuer le grd nombre de Sts Syriens

160 1676 1973 162 honorés aux environs de Paris Voy Dussan ds

164 1784 1043 148 Syria XV (1934) p.211.

162 1896 1985 160 Duchesne, L Eglise au VIe s. p.191 n. cite un

151 2002 1933 171 prêtre syrien appelé Lactance monophysite

160 2112 1949 156 circulant en Gaule vers 560 et en rapport

1284 2224 200 146 Lyon

164 2199 1906 160 avec s. Nézier évêque <....> (+573) qui

159 2308 1973 152 se laisse persuader par lui que l'empereur

160 2424 708 118 est nestorien

221 2542 1922 187 Mais les Syriens et les Grecs ne sont pas les

146 2674 1977 146 seuls orientaux en Occident. A côté d'eux

140 2797 1933 141 et presque aussi nombreux il y a les Juifs.

221 2897 1902 164 Eux aussi etaient répandus partout dès

154 3013 2070 141 avant les invasions et ils y restent après elles.

171 3154 2053 164 A Naples, lors du siège par Belisaire ils forment

170 3252 2113 184 une grande partie de la population marchande

146 3362 2025 204 de la ville (Hartmann I. 262). Mais dejà plus

148 3473 1970 162 tôt ils sont nombreux sous Théodoric. A Rome

121 3553 2016 191 et à Ravenne le peuple ayant détruit leurs Sy¬

111 3682 2001 160 nagogues, il intervient en leur faveur et con¬

140 3783 2028 155 damne les Catholiques à restaurer les domages

146 3890 2005 164 qu'ils ont causés (Hartmann I. 222) Plus tard

151 3988 1989 185 on en trouve partout : en 599 à Cagliari en

160 4098 2095 168 Sardaigne où ils sont nombreux puisqu ils ont

159 4232 1985 166 leurs Synagogue (Jaffé 1722) En 598 il y en a à

157 4327 1930 184 Palerme aussi avec une Synagogue (Jaffé

157 4491 1932 158 1564) En 591 juifs et Synagogue à Terracine

157 4606 539 138 (Jaffé 1104)

182 4718 1938 158 En Espagne même chose. Il y en a à Merida

2337 719 1623 177 C. 585 Grecs à Cordoue, ds Moreau

2317 806 1610 179 Missions, p.171. La reconquête de

2337 901 1604 211 Justinien a dû beaucoup au VIe s. aug¬

2325 1016 1248 146 menter cette navigation.

2204 1412 1815 196 Et il y a aussi des influences egyptiennes : po¬

2154 1499 1837 214 pularité en Gaule de Sts Egyptiens, droit d asile

2158 1606 1825 210 des Eglises de Gaule aussi étendu que celui des

2140 1690 1843 242 Eglises d Egypte (Perdizet p 28-32). J'ajoute

2167 1879 689 151 le Stylite d'Yvoy.

2261 2151 1727 194 Est-il vrai qu'il y a des mots grecs ds le lat

2193 2278 1815 194 Merov. Voy. Bonnet Le latin d Greg. Chaptre

2154 2435 809 135 du Vocabulaire ?

2564 3148 1320 186 Adamnan, le biographe de S.

2567 3263 1452 203 Columba (+598) dit que des moines

2508 3367 1486 189 irlandais allaient en Syrie pr

2488 3460 1506 209 y étudier l architecture des monas¬

2471 3539 1464 216 tères (Forschungen u. Fortschritte,

2460 3714 650 167 1935 col. 223)
