4090 5056
3614.0 105.0 344.0 251.0 51

146.0 45.0 2006.0 137.0 a jusqu'au VIIIe siècle d'autre élément po¬

151.0 157.0 1958.0 170.0 sitif dans l'histoire que l'influence de

146.0 264.0 519.0 129.0 l'Empire.

174.0 367.0 1958.0 176.0 Et il est certain que cet Empire là malgré

132.0 474.0 2050.0 138.0 sa descendance est devenu hellenistico-orien¬

134.0 575.0 2009.0 122.0 tal. Le processus d Orientalisation qui se ma¬

134.0 660.0 2017.0 115.0 nifeste depuis Dioclétien est devenu de plus en

129.0 755.0 2028.0 132.0 plus dominant. Dans l'Eglise il y a des craque¬

132.0 876.0 837.0 114.0 ments dangereux.

143.0 955.0 2098.0 160.0 Pourtant il ne faut pas exagérer. A part des rup¬

132.0 1064.0 2042.0 150.0 tures momentanées, Rome reste la capitale

132.0 1151.0 2005.0 181.0 de l'Eglise. Dès que les empereurs ne soutiennent

129.0 1269.0 1775.0 136.0 pas l hérésie, les papes leur reviennent.

160.0 1373.0 2002.0 152.0 Par Constantinople le Byzantinisme se répand

132.0 1488.0 1971.0 158.0 peu à peu vers l'Occident qui n'a rien à lui

132.0 1601.0 1952.0 123.0 opposer. Ses modes et son art s'y propagent

126.0 1713.0 1983.0 124.0 par la navigation. Il prend pied à Rome

126.0 1828.0 1972.0 157.0 où il y a foule de moines grecs et dans toute

126.0 1927.0 1997.0 157.0 l'Italie du Sud. J ai déjà fait observer que

132.0 2044.0 2030.0 141.0 son influence est visible en Espagne. Il gagne

123.0 2154.0 1964.0 129.0 naturellement toute l'Afrique. En Gaule le

106.0 2255.0 2026.0 147.0 cellarium fisci fait penser aux commerciaires

115.0 2347.0 1948.0 174.0 byzantins. Venise gravite dans l'orbite de

115.0 2449.0 2036.0 142.0 Constantinople. Les pères grecs sont indispensa¬

101.0 2558.0 1963.0 154.0 bles à la pensée religieuse de l'Occident.

106.0 2651.0 2073.0 174.0 Sans doute au VIIIe s. quand l'Empereur sera de¬

103.0 2758.0 2012.0 173.0 venu βασιλευς των Ρωμαιων, la fissure sera

95.0 2858.0 1966.0 158.0 définitive entre Grecs et Latins. On peut dater

103.0 2972.0 2079.0 170.0 le début du grand craquement du monothé¬

92.0 3054.0 2023.0 159.0 litisme (640-681) mais surtout de l'Ico¬

95.0 3187.0 1997.0 170.0 noclastie (726-843). Mais que de tergiversa¬

87.0 3291.0 1525.0 149.0 tions avant la rupture complète!

87.0 3385.0 2011.0 188.0 Et il y a l invasion des Syriens à Rome, même

81.0 3510.0 2011.0 149.0 des papes Syriens. Evidemment une byzanti¬

69.0 3618.0 2032.0 143.0 nisation de l'Occident, plus on moins mati¬

81.0 3739.0 2025.0 153.0 née d'irlandisme et d'anglo saxonisme, é¬

95.0 3841.0 2003.0 136.0 tait dans la direction de l'avenir. La dif¬

77.0 3946.0 2021.0 161.0 férence des langues n'y eût rien fait. La supé¬

78.0 4055.0 2014.0 144.0 riorité d'une culture sur l'autre était trop

70.0 4177.0 1938.0 145.0 grande. Du moment que la Méditerranée

75.0 4280.0 1961.0 133.0 restait le grand véhicule entre l'Orient et

70.0 4365.0 1986.0 138.0 l'Occident, et elle le restait, la prépondérance

78.0 4477.0 2011.0 112.0 du premier sur le second était inévitable.

73.0 4565.0 2014.0 153.0 La mer que les Byzantins continuèrent à do¬

72.0 4673.0 1936.0 138.0 miner répandait partout leur influence.

67.0 4756.0 2028.0 179.0 Et c'est par la mer que vivait aussi bien en
