4090 5056
3568.0 92.0 330.0 234.0 65

151.0 52.0 1938.0 147.0 apportait tous les jours un setier à Lyon

129.0 182.0 1345.0 98.0 sur la tombe de son mari.

154.0 277.0 1938.0 127.0 C est peut être de ce vin là qu'il est ques¬

123.0 376.0 1952.0 143.0 tion ds Une lettre de Didier de Cahors disant

132.0 483.0 2022.0 162.0 à Paul, évêque de Verdun qu'il lui envoye

132.0 587.0 1966.0 151.0 dix tonnes de Falene (Epist. Merov.t.I p.

133.0 719.0 2027.0 142.0 209) ce qui indique, soit dit en passant, un

129.0 808.0 2014.0 132.0 fort trafic intérieur. Venantius Fortu¬

140.0 898.0 2056.0 155.0 natus Vita s. Martini II 8I-82 (Auct Antiq

132.0 1014.0 1960.0 149.0 IV. 316) en parle. Voy d'autres mentions

129.0 1126.0 1741.0 152.0 dans la note de Grégoire d Tours p. 309.

151.0 1235.0 2090.0 127.0 Il y avait encore d'autres boissons de luxe.

160.0 1334.0 1977.0 163.0 En 597 Grégoire le Grand (Jaffé,1483) écrit à

131.0 1442.0 1967.0 183.0 l'évêque d'Alexandrie à propos d'une

134.0 1572.0 2014.0 157.0 boisson appelée Cognidium qui est impor¬

143.0 1671.0 2073.0 151.0 tée par des marchands certainement établis

137.0 1780.0 2031.0 155.0 à Alexandrie comme il faut l'inférer du

146.0 1904.0 1315.0 135.0 destinataire de la lettre.

157.0 2013.0 2028.0 177.0 Ceci suppose déjà un commerce dont l'am¬

129.0 2120.0 2014.0 149.0 pleur va au delà de la simple importation

205.0 2283.0 1943.0 137.0 Et il y avait sans doute aussi des nour¬

189.0 2353.0 1992.0 141.0 ritures. En tous cas, les ascètes se faisaient

123.0 2446.0 2039.0 143.0 manger en Carême des herbes amères d Egypte

145.0 2535.0 2084.0 150.0 Gregoire parle d'un ermite de la région de Nice

150.0 2631.0 2024.0 161.0 qui ne se nourrissait que de racines qu'on lui

147.0 2738.0 1931.0 157.0 apportait d Alexandrie. Pour les références

146.0 2832.0 1804.0 182.0 Voy. Perdrizet, Mélanges Jorga, p.745)

120.0 2997.0 2054.0 168.0 de bijoux et de Vêtements. Mais la grande

143.0 3126.0 2003.0 126.0 affaire du commerce Oriental et ce qui en

117.0 3231.0 1970.0 131.0 faisait un commerce vraiement lié à

128.0 3320.0 1992.0 175.0 la vie journalière, c'était l'importation des

134.0 3441.0 1989.0 154.0 épices. On ne peut trop insister sur leur im¬

123.0 3561.0 2006.0 155.0 portance. l Empire Romain en avait reçu

126.0 3680.0 1966.0 140.0 de toutes sortes de l'Inde, de l'Arabie, de

102.0 3778.0 2058.0 185.0 Chine. C'est elles qui avaient fait la pros¬

109.0 3902.0 2065.0 177.0 périté de Palmyre et d'Apamée. Pline l'An¬

103.0 4030.0 2017.0 132.0 cien estime à au moins cent millions de ses¬

120.0 4128.0 2084.0 166.0 terces (plus de 100 millions de nos francs) la som¬

123.0 4237.0 2062.0 154.0 me que l'Empire versait pr cela chaque année

134.0 4353.0 2012.0 140.0 à l'Inde, l'Arabie et la Chine (Cumont Doura,

101.0 4459.0 2031.0 133.0 p. XXXIII) Leur diffusion dans l Empire Romain

86.0 4560.0 2091.0 130.0 ne fut pas abluée la par les invasions. Elles conti¬

81.0 4658.0 1989.0 153.0 nuent après comme avant elles à faire partie

109.0 4758.0 1362.0 168.0 de l'alimentation courante.

2334.0 477.0 1729.0 224.0 Greg VII. 29 les appelle potemiora vina

2359.0 584.0 1677.0 155.0 Eberulfus à Tours en fait chercher à la

2348.0 685.0 1638.0 157.0 boutique pour régaler un hôte. Il y en

2342.0 804.0 955.0 125.0 avait donc partout.

2224.0 2300.0 978.0 197.0 Voy Greg. VI. 6. p.249

2342.0 2946.0 1624.0 191.0 Lot. Vercauteren considère le commerce

2289.0 3050.0 1739.0 227.0 des épices comme peu important. Cf. la M. Ogr.

2258.0 3909.0 1758.0 239.0 Lot-Glotz p. 356 pense qu'elles n'étaient d'u¬

2257.0 4049.0 1762.0 229.0 sage qu'à la cour et dans l'aristocratie!
