4090 5056
3619 75 259 266 77

143 30 1960 188 Juifs s'y distinguaient et il en était cer-

136 150 1925 130 tainement de même des Syriens que

141 247 1892 160 l'on a vus plus haut établis dans le pays.

140 353 1902 131 Seulement, à côté d'eux, les indigênes

140 446 1947 144 jouaient un rôle considérable. Il est

140 528 1927 170 évident que l'on rencontrait parmi eux

140 617 1916 152 non seulement ds boutiquiers, mais ds

134 741 1340 115 marchands de profession.

162 769 2323 232 L'anecdote de Grégoire sur Verdun III 34 (p.137)

158 789 3788 295 est caractéristique à cet égard. Il s'agit de la misère qui accable (pourquoi ?) les villes

1827 1037 215 85 sous

157 1103 1972 180 l'évêque Desideratus +c.554. Il emprunte

131 1213 2003 168 7000 aurei au roi Theodebert et les distri-

150 1325 1939 158 bue aux Cives. "At illi negotia exercentes

146 1421 1946 181 divites per hoc effecti sunt et usque hodie

146 1521 1983 161 magni habentur". Cela prouve sans doute

157 1629 1918 160 un commerce très vivant. Et il est carac-

157 1704 1963 201 teristique que l'évêque parle au roi de rele-

168 1808 1915 172 ver le commerce "in civitate nostra sicut

157 1912 2000 183 reliquae habent", d'où il faut conclure que

143 2008 1941 182 l'activité commerciale est propre à toutes

155 2153 403 125 les villes.

1510 2186 166 87 294

168 2230 1935 194 Le livre VII 46 de Grégoire p. 322 nous four-

147 2331 2047 185 nit un exemple d'un autre genre. Pendant une

151 2435 2023 175 disette le negociator Cristoforus a appris que

157 2536 2017 174 beaucoup de vin venait d'arriver à Orléans.

156 2612 1936 168 Il part aussitot, bien muni d'argent par son

157 2689 2045 199 beau-père, sans doute aussi marchand, achete

144 2790 2024 213 le vin et le fait charger sur des barques. Puis

149 2890 2003 199 il revient chez lui à cheval et est tué en route

146 3008 1932 174 par les deux esclaves saxons qui l'accompa-

143 3098 1977 188 gnent. Voilà un exemple de spéculation mer-

156 3179 2026 204 cantile qui n'a rien de Moyenageux. Ce Chris-

148 3275 1975 191 tophe est évidemment un grand marchand,

143 3369 2098 195 je veux dire un marchand en gros qui veut faire

129 3480 1944 202 un beau coup en nettoyant le marché à son

146 3578 1938 212 profit. Et remarquez qu'il est seul. Rien ds

125 3696 1925 218 ce commerce qui ressemble aux gildes ou aux

146 3789 2002 202 bourses, c'est du commerce individualiste à la

149 3934 521 162 romaine.

117.0 4006.0 2017.0 211.0 Ce qu'il faisait les autres negutiatores le fai-

145 4157 1958 181 saient également dit Gregoire Ibid. VII. 45.

160 4232 1969 203 La fraude était aussi de bon rapport. Le m

166 4373 2030 211 Grégoire Gloria Confess 110 p. 819 raconte l'his-

147 4488 2074 201 toire d'un marchand qui avec un trians ga-

168 4619 1930 172 gne 100 solidi en falsifiant son vin. Il est

128 4702 1515 210 ici s. d. question d'un détaillant.

2158 217 1479 209 Dopsch Grundlagen II 439 réfute

2134 314 1762 180 l idée qu il n y aurait eu que des mds

2160 466 497 116 étrangers.

2615 553 1373 171 mettre ici p. 78 Lombards

2328 1334 1596 154 Les Ev. s intéressaient au commerce

2210 1407 1652 224 A NaNtes, Felix fait agrandir le port

2398 1578 762 135 Cf Dill, p243.

2418 1741 1582 242 Lot, Glotz p. 365 cite justement l'exemple de

2199 1831 1829 239 Verdun pr prouver l'insignifiance du capitalisme. Ms

2177 1915 1848 257 si on compare à notre époque, on aboutira à des con-

2160 1987 1776 232 clusions semblables pour le XIIIe siècle. Il est bien

2155 2042 1906 238 certain d'ailleurs qu'il est ici question de détaillants,

2182 2188 1219 168 et donc de détaillants très actifs.

2292 2367 444 132 de Tours ?

2362 2707 1635 205 Le roi donne une rente de 100 aurei à un

2334 2811 1668 208 monastère ad comparandum fratrum

2334 2915 1646 225 vestimenta. Greg Vitae Patr. p.667. Il y

2323 3075 1016 155 a dc commerce d'étoffes.

2213 3527 1702 228 Il y en a aussi qui voyagent en bandes

2172 3675 1302 192 Voy p. 78 ceux pillés par Wado.
