4090 5056
3461.0 63.0 316.0 248.0 20

103.0 84.0 2051.0 154.0 A vrai dire, une minorité peut transfor¬

101.0 174.0 2036.0 154.0 mer un peuple quand elle en veut la domina¬

95.0 275.0 2101.0 164.0 tion effective, n'a pour lui que mépris et la consi¬

80.0 370.0 2073.0 160.0 dére comme une matière à exploitation, <...>

110.0 478.0 2250.0 140.0 <.....> Voir à cet égard les Normands en Angle¬

106.0 578.0 2028.0 140.0 terre, les Musulmans partout et même les

92.0 662.0 2059.0 164.0 Romains dans leurs provinces. Mais ici, Les Ger¬

89.0 764.0 1986.0 120.0 mains ne veulent ni détruire, ni exploiter

98.0 859.0 2025.0 155.0 l'Empire. Au lieu de le mépriser ils l'admi¬

88.0 981.0 2024.0 143.0 rent. Ils n'ont rien à lui opposer comme forces

83.0 1091.0 2050.0 137.0 morales. On sait qu'ils font partout aux provin¬

84.0 1187.0 1982.0 170.0 ciaux une situation juridique égale à la

80.0 1284.0 2070.0 145.0 leur. En tout ils ont à apprendre de lui. Com¬

84.0 1410.0 1924.0 140.0 ment résisteraient-ils à l'ambiance.

89.0 1508.0 2085.0 181.0 Encore s'ils formaient des groupes compacts!

80.0 1627.0 2082.0 143.0 Mais ils sont dispersés par l'hospitalité au

78.0 1712.0 2129.0 184.0 milieu des Romains. Le partage des domaines

87.0 1825.0 2118.0 171.0 les oblige à se plier à l'agriculture romai¬

89.0 2003.0 172.0 84.0 ne.

96.0 2018.0 2062.0 188.0 Et les mariages ou les rapports avec les femmes ?

105.0 2154.0 2028.0 188.0 Il y a absence des connubium jusqu'au VIe siècle

81.0 2272.0 2076.0 153.0 sous Rekkared, c'est entendu. Mais cet obs¬

92.0 2390.0 2068.0 161.0 tacle juridique n'est pas un obstacle social.

89.0 2502.0 2057.0 138.0 le nombre des unions entre Germains et femmes

86.0 2601.0 2128.0 129.0 romaines a dû être constant et l enfant parle

84.0 2712.0 2067.0 147.0 on le sait la langue de sa mère. Evidement

87.0 2833.0 2019.0 151.0 ces gens là ont dû se romaniser avec une

84.0 2942.0 1003.0 122.0 étonnante rapidité.

73.0 3027.0 2064.0 187.0 On admet que les Wisigoths (Schmidt) ont con¬

78.0 3145.0 2056.0 165.0 servé leur langue, mais on l'admet parce

84.0 3258.0 2042.0 160.0 que l'on veut l'admettre. On ne peut rien

84.0 3373.0 2036.0 172.0 citer. Pour les Ostrogoths on sait par Procope

92.0 3488.0 2031.0 175.0 qu il y en avait encore qui parlaient gothi¬

89.0 3598.0 2065.0 160.0 que dans l'armée de Totila, mais ce devaient

87.0 3749.0 1547.0 142.0 etre quelque rares isolés du Nord.

109.0 3842.0 1969.0 173.0 Pour que la langue se conservat il eût fallu

81.0 3966.0 2121.0 169.0 une culture comme chez les Anglo Saxons. Mais

92.0 4079.0 2104.0 157.0 ici il n'y a rien. Ulfila n'a pas de successeurs.

86.0 4195.0 2022.0 143.0 Nous n'avons pas un texte, pas une charte

87.0 4298.0 2061.0 194.0 en langue germanique. La liturgie dans les

112.0 4421.0 2093.0 151.0 Eglises ariennes se faisait pourtant en langue

112.0 4541.0 1952.0 177.0 germanique et ça n'a rien donné. Seuls

109.0 4649.0 2200.0 157.0 peut-être les Francs ont ils rédigé la Loi Salique

117.0 4792.0 2057.0 148.0 à l'epoque ante-merov. en langue Vulgaire

2142.0 876.0 1775.0 218.0 Leur période héroïque a cessé avec le casement.

2130.0 976.0 1805.0 214.0 Les grands souvenirs poétiques qui en sont sortis

2125.0 1073.0 1823.0 203.0 (Dawson, p. 110) Nibelungen etc. ne se sont dé¬

2161.0 1170.0 1709.0 216.0 veloppés que pl tard et dans la Germanie.

2255.0 1588.0 616.0 143.0 Sauf Vandales.

2230.0 1853.0 1703.0 304.0 Pour la disparit de la langue chz les Wisig

2199.0 2114.0 760.0 186.0 voir Gamillscheg.

2306.0 3244.0 503.0 116.0 De Bello Goth.

2222.0 3286.0 1640.0 206.0 (III 26 d après Martroye, Occid. p 476)

2252.0 3662.0 1604.0 219.0 Pour l'art ornemental, on n'en trouve

2266.0 3769.0 1573.0 227.0 pl trace chez les Wisigoths après l'a¬

2258.0 3862.0 1545.0 221.0 doption du cathol. en 589 et encore

2256.0 3946.0 1633.0 228.0 Zeiss Grabfunde p. 148 admet qu'il

2144.0 4081.0 1528.0 200.0 n'existait que dans le peuple.
