4090 5056
157.0 73.0 1935.0 143.0 qui tient l'Adriatique. Il a en somme

126.0 182.0 1942.0 149.0 reconquis toute l'Italie qu'il gouverne

115.0 311.0 1980.0 144.0 Alors en 551 est envoyé Narsès avec 20000

109.0 390.0 1997.0 166.0 hommes. En 552 il ecrase Totila qui perit

115.0 542.0 952.0 115.0 dans la batailles.

140.0 615.0 1938.0 154.0 Son successeur Teias n'a plus qu'a lutter

126.0 727.0 1955.0 135.0 en désespéré. Il est vaincu et tué en 553

120.0 856.0 961.0 104.0 au pied du Vésuve.

134.0 924.0 1941.0 165.0 L'année suivante des bandes franques et

120.0 1025.0 2020.0 180.0 alamanique appelées par les Goths viennent piller

109.0 1162.0 2039.0 158.0 indifferemment Goths et Romains. Les Byzan¬

115.0 1297.0 1983.0 118.0 tins les ecrasent auprès de Capoue en 554. Le

112.0 1390.0 1963.0 154.0 reste ds Goths se soumet et va combattre en

134.0 1502.0 307.0 144.0 Perse.

143.0 1638.0 2025.0 137.0 L Italie est réorganisée en province romaine

122.0 1741.0 1984.0 171.0 l'exarque (patrice) s'installe à Ravenne.

275.0 1896.0 1843.0 151.0 Il est intéressant de voir durant cette

115.0 1991.0 1972.0 146.0 lutte la conduite des Francs. Sans doute

120.0 2087.0 1989.0 143.0 en ont-ils profité pour s emparer en 532 de

115.0 2165.0 2022.0 192.0 le Bourgogne et pr la partager. Puis, ils balan¬

112.0 2269.0 2000.0 160.0 cent à leur avantage entre les deux partis. En

120.0 2365.0 2003.0 171.0 535 il font un traité avec Justinien contre

106.0 2454.0 2090.0 183.0 les Ostrogoths. Mais l'année suivante ils s allient

101.0 2570.0 2061.0 165.0 secrètement à Vitigès qui leur cède la Provence

120.0 2665.0 1989.0 169.0 laquelle leur est ratifiée p. Justinien (Richter, 56)

109.0 2794.0 1978.0 208.0 En 539 Theudebert descend en Italie avec une

103.0 2881.0 1989.0 161.0 grande armée et occupe la plus grande partie

103.0 2985.0 1961.0 166.0 de le Vénétie, de la Ligurie et les Alpes Cottiennes

117.0 3095.0 2037.0 168.0 Il se retire à cause de maladies mais conserve

115.0 3193.0 2017.0 172.0 une partie de la Vénétie où il laisse un duc et

89.0 3306.0 2020.0 182.0 qu il se fait pl tard ratifier par Totila. Agathias

103.0 3424.0 2000.0 176.0 dit qu il pensait à attaquer Constantinople

106.0 3542.0 1995.0 173.0 (Richter, p.57-58). En 552-553 vient alors le gd

106.0 3674.0 2049.0 171.0 pillage qui échoue et enlève aux Francs ce qu ils

103.0 3817.0 790.0 121.0 avaient en Italie.

140.0 3952.0 1986.0 148.0 Après l'Italie ce fut au tour de l'Espagne

94.0 4067.0 1995.0 160.0 des Wisigoths. Athanagild appelle les Ro¬

114.0 4199.0 2068.0 135.0 mains contre le roi Agila. On envoye Libère qui

94.0 4298.0 2074.0 156.0 vient de reprendre la Sicile. Agila battu à Se¬

106.0 4405.0 2082.0 210.0 ville puis tué p ses soldats qui reconnaissent

112.0 4541.0 1991.0 147.0 Athanagild en 554. Les Romains occupent

106.0 4676.0 2020.0 127.0 maintenant toutes les cotes de la mer tyrrhe

123.0 4791.0 2048.0 144.0 nienne sauf la Provence. La Royaute Wisigo¬

2237.0 1702.0 1246.0 178.0 Mais le pays est exsangue.

2219.0 3651.0 879.0 149.0 franco-alemannique

2224.0 3963.0 599.0 163.0 Lot p. 308-9

3703.0 78.0 266.0 184.0 46

2085.0 168.0 482.0 118.0 C. Theodoric.
