4090 5056
129.0 103.0 2031.0 165.0 On pourrait déjà le remarquer par le trai¬

126.0 195.0 1986.0 155.0 té d'Anthimus, médecin grec banni de By¬

132.0 301.0 1971.0 170.0 zance en 478 et qui vient auprès de Thierry I

123.0 415.0 2020.0 170.0 (511-524) Voy. Rev. belge, 1927 d après l edition

123.0 508.0 2017.0 160.0 d Weber (Leide 1924). Un diplome pour Corbie en

115.0 587.0 2005.0 185.0 716 jette sur ce commerce une éclatante lu¬

129.0 699.0 2090.0 185.0 mière. (Levillain p. 235) C'est un acte de Chil¬

129.0 797.0 2003.0 193.0 peric II du 29 avril 716 confirmant des actes

132.0 910.0 2002.0 204.0 analogues pour Corbie de Clotaire III (657-673)

140.0 1054.0 1584.0 159.0 et sa confirmation par Childéric II

123.0 1140.0 1969.0 170.0 Il donne à l'église des biens à prélever au

126.0 1264.0 1508.0 160.0 cellariuum fisci de Fos. Et j'y lis:

154.0 1387.0 896.0 112.0 10000 livres d'huile

168.0 1400.0 2270.0 231.0 30 muids de garumm (Sorte de condiment Lullani, 68)

165.0 1601.0 975.0 126.0 30 livres de poivre

146.0 1708.0 963.0 140.0 150 livres de cumin

174.0 1761.0 1404.0 196.0 2 livres de cariofila (girofle)

171.0 1893.0 1379.0 211.0 1 livre de Cinnamum (canelle)

171.0 2002.0 1278.0 202.0 2 livres de Spico (Nard)

162.0 2069.0 2139.0 259.0 30 livres de Costum (Plante aromatique κόστος

160.0 2247.0 1595.0 222.0 50 livres de dactilibus (dattes)

148.0 2393.0 1380.0 196.0 100 livres des Krigas (figues)

148.0 2502.0 1731.0 208.0 100 livres d'amandolus (amandes)

162.0 2612.0 1635.0 202.0 30 livres de pistacias (pistaches)

160.0 2780.0 949.0 135.0 l00 livres d'olivas

182.0 2759.0 2143.0 283.0 50 livres de hidrio (aromate ? Ducange III 669)

154.0 2966.0 1455.0 185.0 150 livres de cicer (pois chiches)

174.0 3070.0 1199.0 191.0 20 livres d'Oridia (riz)

176.0 3053.0 3031.0 328.0 10 livres d'auro pimento (Forcelleni : auri pigmentum = arsenic)

168.0 3272.0 1972.0 216.0 10 peaux de Sloda (peaux huilées ? Ducange)

165.0 3460.0 1042.0 140.0 10 peaux Cordevise

160.0 3561.0 996.0 132.0 50 tomi de Carta.

182.0 3626.0 1924.0 205.0 Sans doute tout cela comme l'huile, le

150.0 3752.0 2027.0 191.0 cicer etc. ne constitue pas des épices venant

150.0 3856.0 1942.0 188.0 d'Orient. Mais c'en sont pour la plupart.

160.0 3988.0 1952.0 163.0 Et l'acte nous permet de conclure plusieurs

146.0 4081.0 2000.0 209.0 choses. D'abord que le cellier du fisc était tou¬

140.0 4161.0 2087.0 209.0 jours abondamment pourvu de ces épices puis¬

151.0 4303.0 2056.0 176.0 que la permission accordée aux moines ne spé¬

160.0 4390.0 2025.0 188.0 cifie pas d'époque : ils viennent quand ils veu¬

143.0 4508.0 2053.0 151.0 lent. Puis on croira difficilement que nous ayons

157.0 4586.0 2017.0 186.0 affaire ici à une libéralité accordée au seul

142.0 4710.0 2029.0 177.0 monastère de Corbie. Mais quand bien même

2487.0 1342.0 1024.0 193.0 Cf Cap. de Villès I p.86 n° 10.

2317.0 2019.0 1657.0 206.0 Voy Melanges Diehl, I. Ducange : Vin cuit)

2347.0 2629.0 1504.0 252.0 (Le mot n'est qu'ici. faute de lecture ?)

3682.0 78.0 285.0 259.0 66
