4090 5056
118 46 1931 173 quence de la conquête et qui n'ont rien

101 198 1265 118 d'ailleurs de germanique.

96 265 2037 168 Sans doute aussi les rois n'ont pas de titres

96 404 2033 126 romains sauf sporadiquement sous Clo¬

105 497 1999 151 vis. Mais ils cherchent à maintenir le

96 610 1970 148 contact avec les empereurs de Byzance

101 745 1564 122 <....... .... ..........>

101 842 2024 156 Bref donc ici aussi le romanisme tradi¬

96 998 1021 122 tionnel se conserve

96 1044 2037 215 Si nous envisageons maintenant l'en¬

84 1217 2028 152 semble de ces Royaumes nous y trouverons

96 1310 2062 173 trois trait communs. Ils sont absolutistes,

92 1440 1965 177 ils sont laïques, l'instrument de règne y

92 1580 1139 134 est le fisc et le trésor.

96 1643 1982 177 Et ces trois caractères sont romains ou si

96 1794 962 165 l'on veut byzantins.

109 1849 2032 207 Sans doute l'absolutisme est venu de lui¬

84 1950 2003 236 même. Le roi était déjà très fort comme chef

88 2081 2020 194 militaire lors de l'établissement. Après l'éta¬

96 2199 2020 198 blissement, cette force n'a pu, à cause de pro¬

96 2313 2045 206 vinciaux, que prendre la forme de l'abso¬

101 2397 2036 202 lutisme. Pour qu'il en fut autrement il eût

101 2506 2011 220 fallu que le roi fût dans la situation des

101 2620 2095 224 Anglo Saxons. Rien n'est moins germanique

109 2721 2041 236 que la royauté de ces chefs militaires. C'est

105 2835 2036 211 le pouvoir personel en plein, exactement donc

109 2987 1299 160 ce qui existe dans l'Empire.

139 3067 1986 189 Dans tous ces royaumes l'absolutisme du

105 3176 2070 203 roi s'explique par sa puissance financière. Par¬

105 3299 2108 181 tout, comme succédant à l Empereur, il a le fisc

109 3400 2032 193 et les impôts. Or le fisc est immense. Ce sont

101 3534 2011 156 les domaines impériaux, les forêts, les terres

105 3619 2020 202 vagues, les mines, les ports, le routes. Et ce sont

101 3716 2011 198 aussi les impôts et la monnaie. Ainsi le roi

109 3842 1965 169 est un immense propriétaire foncier et il

105 3947 2091 186 jouit en même temps d'un formidable trésor

109 4078 1990 177 eu or monnayé. Aucun prince en Occident

92 4196 2045 177 avant le XIIIe s. ne dévait être aussi fourni

101 4306 2074 181 d'argent que ces rois là. La description de leurs

109 4407 2083 168 trésors est en ruissellement de métal jaune.

92 4504 2066 185 Ils donnent là dessus des assignations font des

92 4609 2100 194 prêts aux villes, payent les missionnaires, cor¬

105 4752 2121 152 rompent ou achètent qui ils veulent. La conser¬

2133 25 1231 139 Ils n'existent que chez les Francs.

2129 71 1349 194 Peut-être parce qu'au moment de l'hé¬

2141 143 1371 185 ritage de Clovis il n'y a plus d'empereur

2167 181 1417 240 en occident et qu'en tous cas les Francs

2074 446 1876 278 Theodebert aurait songé à attaquer Byzance! Lot-

2158 286 1164 185 ne se souvient pas de l'Empereur.

3390 551 463 152 Glotz, p.208.

2192 964 1257 224 Mettre ici le passage p.34.

2171 2102 1720 240 Aucune hérédité des fonctions. Le roi prend et

2158 2216 1506 231 dépose qui il veut, comme l'empereur.

2331 3787 1649 198 Avant 695 l'abbé de S. Denys a un rente

2310 3855 1725 240 de 200 sous d'or sur le trésor, et une autre

2285 3952 1682 248 de l00 sous sur le cellarium fisci (Voy.

2293 4116 890 147 mon article p.202).

2539 4520 1378 207 p. 46 Mon article Liberté p. 511

3617 168 274 164 37
