2713 3484
566 43 1917 116 noms, sans que jamais l'un s'eux soit écarté du

560 145 2094 110 gouvernement de la commne. Les titres seuls changent

557 229 2051 96 et, en réalité, la ville se trouve abandrinée à l'atminis¬

560 316 2039 99 tration viagère de trente-neuf individus- l'on pourrait

560 412 2025 101 presque dire, à en joges par les plaintes qui s'il ivent contre

554 519 2086 79 eux et par la haine qu'ls boulèvent, de trente- mef tyrans¬

557 589 2100 93 Tout au moins ect. el certain qu’à la fin du XII^e siècle, les

543 673 2123 99 abus qu'on leur reproche sont intolérables. Leur parbialité

551 769 2101 101 est révoltante. On va jusqu'à les accuser de laisser impuné¬

551 850 2051 108 ment eulever par leurs parents les filles des Riches bour¬

563 946 2048 122 geris et, par leurs valchs, celles des"moyennes gens". A l'é¬

572 1048 2059 116 gard les noe des ares, en revanche, ils <... i est riens

563 1138 2054 113 qu'ils ne tolèrent. Ils larssent en fonctions des vieillards, des

551 1257 2118 78 malades et jusqé à des lépreux, incapables de rendre le moindre

546 1344 1077 87 service à la chose prrblique.

2193 1379 142 87 abus

569 1440 2100 101 Sans doute, neu ne permet de croire que les <......> aient éti¬

572 1532 2077 96 partout <.......... Il est sur toutefois que les heu¬

961 1515 346 55 aulsi criauls

566 1640 2054 84 donces oligorchiques l'emportent peu à peu dans toutes

563 1718 1993 87 les villes. L'impopularché du régime grandit d’anée en

563 1820 2091 87 année. n foule de bourgeons, écartés des emplois commu¬

1246 1779 191 73 récter

554 1890 2100 119 naux, traités orqucilleurement par les lehcoins réquants

548 2003 2077 90 iquiets d'ailleurs des dangers que fonts courir à leurs

569 2078 2048 105 propres intérêts des magis trats irresponsables <...>

572 2162 2033 108 <.... .... ...... ...> ne dumandent

566 2250 2109 119 qu'à secouer la domination qui pèse sur eux.. Et sielle leur

551 2351 2063 108 semble lourde à porter, <...  . ...>

1530 2319 1101 96 de quel poids écrasant doit-elle peser sur

609 2412 349 70 le commun.

560 2456 1200 93 <..... .....>

583 2537 2060 125 Car v'est la masse des artisans qui souffe le plus de l'exclu¬

560 2633 2086 107 sévisme et de la partialité de l’échevinge. L'organisation

551 2717 2101 122 même de la police industrielle qui soum et perp étuellement

560 2807 2025 116 le travailleur à la surveillance du pouvoir mnicipal

566 2894 2086 125 <. ..> lui assique son métier, coutrale l'exes¬

569 2987 2071 134 cice de sa profession et règle ses prix de veute n'est supporta

560 3086 2057 136 ble <.... .....> pour lui que <... ...> l'il <..

554 3179 2092 130 s'abandonne avec confiance à la dircition de ce pou¬

566 3277 2083 128 roir. Dès qu'il le suoperte, il <....... plus don <......>

2071 3257 127 70 dans

1539 3350 174 90 ne voit

2500 31 122 114 124
