<?xml version="1.0" encoding="UTF-8"?>
<alto xmlns:xsi="http://www.w3.org/2001/XMLSchema-instance"
      xmlns="http://www.loc.gov/standards/alto/ns-v4#"
      xsi:schemaLocation="http://www.loc.gov/standards/alto/ns-v4# http://www.loc.gov/standards/alto/v4/alto-4-2.xsd">
  <Description>
    <MeasurementUnit>pixel</MeasurementUnit>
    <sourceImageInformation>
      <fileName>ARCH-DIV-000494_0061.png</fileName>
      <fileIdentifier>mets//export_doc14_arch_div_000494_alto_202506020830.zip/ARCH-DIV-000494_0061.png</fileIdentifier>
    </sourceImageInformation>
  </Description>
  <Tags>
    <OtherTag ID="BT1" LABEL="Title" DESCRIPTION="block type Title"/><OtherTag ID="BT2" LABEL="Main" DESCRIPTION="block type Main"/><OtherTag ID="BT3" LABEL="Commentary" DESCRIPTION="block type Commentary"/><OtherTag ID="BT4" LABEL="Illustration" DESCRIPTION="block type Illustration"/><OtherTag ID="BT57" LABEL="TitlePageZone" DESCRIPTION="block type TitlePageZone"/><OtherTag ID="BT58" LABEL="MarginTextZone" DESCRIPTION="block type MarginTextZone"/><OtherTag ID="BT59" LABEL="MainZone" DESCRIPTION="block type MainZone"/><OtherTag ID="BT60" LABEL="NumberingZone" DESCRIPTION="block type NumberingZone"/><OtherTag ID="BT61" LABEL="MarginTextZone:low" DESCRIPTION="block type MarginTextZone:low"/><OtherTag ID="BT62" LABEL="CustomZone:numbering" DESCRIPTION="block type CustomZone:numbering"/><OtherTag ID="BT77" LABEL="text" DESCRIPTION="block type text"/><OtherTag ID="BT78" LABEL="MarginTextZone:lower" DESCRIPTION="block type MarginTextZone:lower"/>
    <OtherTag ID="LT40" LABEL="HeadingLine" DESCRIPTION="line type HeadingLine"/><OtherTag ID="LT41" LABEL="DefaultLine" DESCRIPTION="line type DefaultLine"/><OtherTag ID="LT42" LABEL="InterlinearLine:correction" DESCRIPTION="line type InterlinearLine:correction"/><OtherTag ID="LT43" LABEL="InterlinearLine:addition" DESCRIPTION="line type InterlinearLine:addition"/><OtherTag ID="LT44" LABEL="default" DESCRIPTION="line type default"/>
  </Tags>
  <Layout>
    <Page WIDTH="2713"
          HEIGHT="3471"
          PHYSICAL_IMG_NR="56"
          ID="eSc_dummypage_">
      <PrintSpace HPOS="0"
                  VPOS="0"
                  WIDTH="2713"
                  HEIGHT="3471">
        <TextBlock HPOS="520.0"
                   VPOS="62.0"
                   WIDTH="2193.0"
                   HEIGHT="754.0"
                   ID="eSc_textblock_12f34cb2"
                   TAGREFS="BT59">
          <Shape><Polygon POINTS="520 62 524 816 2713 702 2713 83"/></Shape>
          <TextLine ID="eSc_line_100dabc3"
                    TAGREFS="LT41"
                    BASELINE="540 125 2676 129" 
                    HPOS="535"
                    VPOS="63"
                    WIDTH="2140"
                    HEIGHT="93">
            <Shape><Polygon POINTS="2649 80 2099 78 2070 75 1780 75 1751 72 1462 72 1415 69 1392 83 1259 83 1224 69 1146 69 1033 80 996 80 923 66 891 66 804 80 787 80 761 63 619 63 538 78 535 153 2669 156 2675 127 2672 80 2649 80"/></Shape>
	    <String CONTENT="dent en frères. &lt;..&gt; Au rebours de ce qui s’est passi"
                    HPOS="535"
                    VPOS="63"
                    WIDTH="2140"
                    HEIGHT="93"
                    WC="0.9787189465648723"></String>
          </TextLine>
          <TextLine ID="eSc_line_de9bb25d"
                    TAGREFS="LT41"
                    BASELINE="551 215 2684 210" 
                    HPOS="547"
                    VPOS="156"
                    WIDTH="2134"
                    HEIGHT="95">
            <Shape><Polygon POINTS="550 214 550 251 671 234 1001 234 1019 248 1022 248 1024 248 1027 248 1482 234 1577 248 1580 248 1583 248 1586 248 1618 231 2675 245 2681 208 2675 173 2038 156 2035 156 1916 170 1867 156 1864 156 1861 156 1858 156 1815 170 1670 156 1667 156 1566 173 804 159 802 159 697 173 605 159 602 159 599 159 547 176 550 214"/></Shape>
	    <String CONTENT="dans l’autiquité, par le gouvernement démocratique"
                    HPOS="547"
                    VPOS="156"
                    WIDTH="2134"
                    HEIGHT="95"
                    WC="0.9832427835464478"></String>
          </TextLine>
          <TextLine ID="eSc_line_636a031d"
                    TAGREFS="LT42"
                    BASELINE="1310 167 1562 160" 
                    HPOS="1305"
                    VPOS="127"
                    WIDTH="255"
                    HEIGHT="69">
            <Shape><Polygon POINTS="1537 127 1508 127 1479 127 1450 127 1421 127 1392 127 1363 127 1334 127 1305 127 1308 164 1308 185 1554 196 1560 159 1551 127 1537 127"/></Shape>
	    <String CONTENT="est doc"
                    HPOS="1305"
                    VPOS="127"
                    WIDTH="255"
                    HEIGHT="69"
                    WC="0.9991095576967511"></String>
          </TextLine>
          <TextLine ID="eSc_line_b4963c63"
                    TAGREFS="LT41"
                    BASELINE="563 306 2680 289" 
                    HPOS="558"
                    VPOS="234"
                    WIDTH="2120"
                    HEIGHT="107">
            <Shape><Polygon POINTS="561 303 561 341 813 323 961 335 978 321 1166 335 1172 335 1204 321 1618 332 1716 315 1971 329 2104 312 2212 326 2214 329 2322 329 2322 326 2362 309 2411 323 2420 323 2458 309 2501 323 2675 309 2678 286 2672 248 2484 234 2235 248 2197 234 2078 248 2055 234 2047 234 1968 251 1783 237 1740 254 1505 254 1462 240 1369 254 1314 240 1302 240 1285 254 1048 242 981 257 938 242 558 260 561 303"/></Shape>
	    <String CONTENT="que débute l’histoire des populations urbaines du moyen"
                    HPOS="558"
                    VPOS="234"
                    WIDTH="2120"
                    HEIGHT="107"
                    WC="0.985079842264002"></String>
          </TextLine>
          <TextLine ID="eSc_line_11ddb2ad"
                    TAGREFS="LT41"
                    BASELINE="553 408 2215 385 2574 387 2680 397" 
                    HPOS="547"
                    VPOS="323"
                    WIDTH="2131"
                    HEIGHT="110">
            <Shape><Polygon POINTS="550 407 550 433 2374 402 2672 410 2678 396 2675 341 2501 323 2492 323 2463 341 2411 323 2403 323 2353 341 2351 344 2307 326 2296 326 2272 344 2255 344 2148 329 2099 347 1980 326 1939 349 1809 349 1800 347 1760 326 1673 326 1621 352 1514 332 1384 355 1331 332 1323 332 1273 349 1245 335 1233 335 1233 338 1207 361 1132 361 1074 335 941 338 909 352 897 361 862 338 718 341 674 364 547 358 550 407"/></Shape>
	    <String CONTENT="âge. L&#x27;égalité &lt;....&gt; sociale n’existe pas entre leurs men"
                    HPOS="547"
                    VPOS="323"
                    WIDTH="2131"
                    HEIGHT="110"
                    WC="0.9876254653108532"></String>
          </TextLine>
          <TextLine ID="eSc_line_80ed3ac8"
                    TAGREFS="LT41"
                    BASELINE="546 497 1889 470 2682 466" 
                    HPOS="541"
                    VPOS="402"
                    WIDTH="2140"
                    HEIGHT="118">
            <Shape><Polygon POINTS="544 494 544 520 2681 488 2681 465 2675 416 2472 402 2420 422 2278 404 2232 422 2217 425 2119 407 2044 428 1855 410 1824 430 1786 428 1670 413 1534 433 1447 419 1421 436 1372 422 1288 442 1088 442 1048 425 1042 425 912 445 810 428 541 442 544 494"/></Shape>
	    <String CONTENT="bres, mais tous, au même titre et avec les mêmes droits"
                    HPOS="541"
                    VPOS="402"
                    WIDTH="2140"
                    HEIGHT="118"
                    WC="0.9842182213609869"></String>
          </TextLine>
          <TextLine ID="eSc_line_cffa2dd2"
                    TAGREFS="LT41"
                    BASELINE="553 588 2685 557" 
                    HPOS="547"
                    VPOS="500"
                    WIDTH="2137"
                    HEIGHT="121">
            <Shape><Polygon POINTS="2574 509 2521 509 2481 520 2359 511 2313 511 2284 514 2183 514 2078 526 2003 520 1910 520 1876 532 1424 535 1323 517 1123 520 1062 540 978 538 802 526 778 543 631 529 547 543 550 621 1132 598 1456 610 1554 592 1855 604 1910 587 2003 601 2104 581 2414 581 2443 595 2449 595 2684 572 2678 503 2576 500 2574 509"/></Shape>
	    <String CONTENT="appartiennent à la commune &lt;. ...&gt;"
                    HPOS="547"
                    VPOS="500"
                    WIDTH="2137"
                    HEIGHT="121"
                    WC="0.9638786035425523"></String>
          </TextLine>
          <TextLine ID="eSc_line_1adc70a9"
                    TAGREFS="LT42"
                    BASELINE="1752 526 2589 507" 
                    HPOS="1748"
                    VPOS="468"
                    WIDTH="840"
                    HEIGHT="84">
            <Shape><Polygon POINTS="2559 468 2530 468 2501 468 2472 468 2443 468 2414 468 2385 468 2371 468 1748 483 1751 523 1751 552 2585 520 2588 506 2579 468 2559 468"/></Shape>
	    <String CONTENT="et participent à son gonvernement."
                    HPOS="1748"
                    VPOS="468"
                    WIDTH="840"
                    HEIGHT="84"
                    WC="0.9941644177717321"></String>
          </TextLine>
          <TextLine ID="eSc_line_5dc54b51"
                    TAGREFS="LT41"
                    BASELINE="548 671 1078 674 2680 638" 
                    HPOS="547"
                    VPOS="584"
                    WIDTH="2131"
                    HEIGHT="127">
            <Shape><Polygon POINTS="547 711 2678 662 2678 636 2672 595 2322 584 2220 601 2145 584 2102 607 1774 610 1702 595 1644 613 1609 595 1601 595 1543 616 1259 601 1117 604 1091 624 972 610 909 627 799 613 715 627 547 621 547 711"/></Shape>
	    <String CONTENT="&lt;... .... ... .  ...&gt;"
                    HPOS="547"
                    VPOS="584"
                    WIDTH="2131"
                    HEIGHT="127"
                    WC="0.8452877232006618"></String>
          </TextLine>
          <TextLine ID="eSc_line_5a3820d5"
                    TAGREFS="LT41"
                    BASELINE="544 773 1148 767" 
                    HPOS="538"
                    VPOS="723"
                    WIDTH="608"
                    HEIGHT="112">
            <Shape><Polygon POINTS="541 772 541 792 634 792 657 801 697 818 700 818 703 818 706 818 709 818 726 807 738 798 755 807 787 821 790 821 793 821 796 821 799 821 810 809 836 789 885 789 926 792 952 818 969 833 969 835 972 835 975 835 978 835 1143 830 1146 766 1137 723 538 726 541 772"/></Shape>
	    <String CONTENT="bor siegaoblique."
                    HPOS="538"
                    VPOS="723"
                    WIDTH="608"
                    HEIGHT="112"
                    WC="0.9991561875623816"></String>
          </TextLine>
        </TextBlock>
        <TextBlock HPOS="173.0"
                   VPOS="637.0"
                   WIDTH="265.0"
                   HEIGHT="460.0"
                   ID="eSc_textblock_5d16c4fd"
                   TAGREFS="BT58">
          <Shape><Polygon POINTS="389 1097 438 704 434 637 202 642 173 1092"/></Shape>
          <TextLine ID="eSc_line_325b419f"
                    TAGREFS="LT40"
                    BASELINE="245 790 333 788" 
                    HPOS="237"
                    VPOS="659"
                    WIDTH="95"
                    HEIGHT="228">
            <Shape><Polygon POINTS="243 789 246 887 332 882 332 786 321 659 237 659 243 789"/></Shape>
	    <String CONTENT="III"
                    HPOS="237"
                    VPOS="659"
                    WIDTH="95"
                    HEIGHT="228"
                    WC="0.9046889742215475"></String>
          </TextLine>
          <TextLine ID="eSc_line_1aa5912e"
                    TAGREFS="LT40"
                    BASELINE="194 1003 258 1006" 
                    HPOS="191"
                    VPOS="914"
                    WIDTH="66"
                    HEIGHT="121">
            <Shape><Polygon POINTS="193 1000 191 1035 254 1026 257 1003 257 931 196 914 193 1000"/></Shape>
	    <String CONTENT="I"
                    HPOS="191"
                    VPOS="914"
                    WIDTH="66"
                    HEIGHT="121"
                    WC="0.9999724626541138"></String>
          </TextLine>
        </TextBlock>
        <TextBlock HPOS="452.0"
                   VPOS="995.0"
                   WIDTH="2261.0"
                   HEIGHT="2474.0"
                   ID="eSc_textblock_bdd0d926"
                   TAGREFS="BT59">
          <Shape><Polygon POINTS="520 995 452 3469 2713 3469 2706 995"/></Shape>
          <TextLine ID="eSc_line_bf9caaf6"
                    TAGREFS="LT41"
                    BASELINE="603 1052 1661 1027 2622 1023" 
                    HPOS="599"
                    VPOS="995"
                    WIDTH="2021"
                    HEIGHT="81">
            <Shape><Polygon POINTS="2597 995 1097 995 984 1003 639 995 599 1009 602 1076 1210 1055 1444 1067 1491 1067 1583 1049 1688 1064 1719 1064 1783 1047 1910 1061 1942 1061 1977 1044 2614 1049 2620 1021 2614 995 2597 995"/></Shape>
	    <String CONTENT="Nous avons cherché, dans les paqu prendentes à exposer,"
                    HPOS="599"
                    VPOS="995"
                    WIDTH="2021"
                    HEIGHT="81"
                    WC="0.9861091375350952"></String>
          </TextLine>
          <TextLine ID="eSc_line_c56891a1"
                    TAGREFS="LT41"
                    BASELINE="536 1137 2018 1116 2666 1118" 
                    HPOS="532"
                    VPOS="1049"
                    WIDTH="2131"
                    HEIGHT="113">
            <Shape><Polygon POINTS="535 1136 535 1162 1001 1148 1033 1162 1273 1148 1436 1159 1540 1142 1624 1157 1954 1136 2319 1148 2400 1148 2463 1130 2660 1142 2663 1116 2657 1052 2278 1070 2249 1049 2241 1049 1989 1052 1928 1076 1809 1055 1760 1067 1737 1076 1705 1055 1693 1055 1644 1078 1459 1058 1459 1061 1433 1081 1334 1064 1305 1081 1224 1067 1204 1087 1106 1087 1100 1081 1065 1064 1053 1064 1022 1087 967 1087 938 1067 926 1067 885 1084 880 1090 761 1090 593 1070 532 1090 535 1136"/></Shape>
	    <String CONTENT="dans ses trait généraux, la croissance des villes. De ces traits"
                    HPOS="532"
                    VPOS="1049"
                    WIDTH="2131"
                    HEIGHT="113"
                    WC="0.9844200788065791"></String>
          </TextLine>
          <TextLine ID="eSc_line_25aeafd0"
                    TAGREFS="LT41"
                    BASELINE="536 1228 972 1232 1726 1210 2651 1203" 
                    HPOS="535"
                    VPOS="1148"
                    WIDTH="2114"
                    HEIGHT="116">
            <Shape><Polygon POINTS="2643 1148 2403 1148 2371 1162 2322 1148 2214 1165 1679 1157 1583 1174 1328 1162 1311 1180 1163 1180 943 1168 938 1168 909 1183 535 1171 535 1226 538 1264 576 1249 608 1264 1172 1258 1201 1240 1673 1249 1827 1232 1942 1246 2015 1229 2432 1237 2562 1223 2643 1237 2649 1200 2643 1148"/></Shape>
	    <String CONTENT="la plupart ne se rencontrent point seulement dans les"
                    HPOS="535"
                    VPOS="1148"
                    WIDTH="2114"
                    HEIGHT="116"
                    WC="0.994832049000938"></String>
          </TextLine>
          <TextLine ID="eSc_line_03431169"
                    TAGREFS="LT41"
                    BASELINE="530 1328 1744 1305 2664 1301" 
                    HPOS="526"
                    VPOS="1235"
                    WIDTH="2137"
                    HEIGHT="112">
            <Shape><Polygon POINTS="529 1327 529 1347 2660 1318 2663 1298 2660 1252 2597 1235 2588 1235 2527 1255 2461 1235 2452 1235 2388 1255 2336 1235 2325 1235 2290 1258 2142 1246 2047 1261 1939 1240 1827 1264 1803 1243 1734 1243 1644 1269 1326 1272 1268 1252 1259 1252 1207 1272 1140 1252 1022 1266 932 1255 932 1258 906 1278 781 1258 526 1261 529 1327"/></Shape>
	    <String CONTENT="Paps- Bas. A les retrouve avea des modifications locales plus"
                    HPOS="526"
                    VPOS="1235"
                    WIDTH="2137"
                    HEIGHT="112"
                    WC="0.9953506725733398"></String>
          </TextLine>
          <TextLine ID="eSc_line_64d01447"
                    TAGREFS="LT41"
                    BASELINE="530 1430 1119 1425 1694 1407 2670 1409" 
                    HPOS="526"
                    VPOS="1345"
                    WIDTH="2143"
                    HEIGHT="107">
            <Shape><Polygon POINTS="1482 1371 1453 1371 1424 1376 1410 1376 1398 1371 1337 1373 1326 1353 1262 1376 1184 1362 1166 1379 865 1379 810 1362 802 1362 761 1382 526 1382 529 1452 2669 1431 2666 1362 2631 1345 2429 1345 2388 1368 2229 1347 1989 1368 1861 1347 1722 1362 1682 1350 1670 1350 1647 1371 1557 1350 1485 1362 1482 1371"/></Shape>
	    <String CONTENT="ou moinns accusées &lt;..&gt; soute l’Europe Occiderntale. Pour¬"
                    HPOS="526"
                    VPOS="1345"
                    WIDTH="2143"
                    HEIGHT="107"
                    WC="0.9487744718790054"></String>
          </TextLine>
          <TextLine ID="eSc_line_21001bdf"
                    TAGREFS="LT42"
                    BASELINE="1343 1375 1501 1370" 
                    HPOS="1337"
                    VPOS="1310"
                    WIDTH="162"
                    HEIGHT="81">
            <Shape><Polygon POINTS="1424 1313 1401 1313 1337 1333 1340 1373 1340 1382 1496 1391 1499 1368 1494 1327 1427 1310 1424 1313"/></Shape>
	    <String CONTENT="pas"
                    HPOS="1337"
                    VPOS="1310"
                    WIDTH="162"
                    HEIGHT="81"
                    WC="0.9999976952870687"></String>
          </TextLine>
          <TextLine ID="eSc_line_7e570052"
                    TAGREFS="LT41"
                    BASELINE="528 1519 1806 1494 2662 1500" 
                    HPOS="524"
                    VPOS="1434"
                    WIDTH="2136"
                    HEIGHT="113">
            <Shape><Polygon POINTS="526 1518 526 1541 781 1527 819 1547 1195 1547 1195 1544 1314 1521 1508 1538 1525 1521 1774 1515 1939 1515 1965 1535 1974 1535 2064 1515 2423 1530 2545 1509 2657 1527 2660 1498 2655 1434 2235 1452 2197 1434 2070 1434 1934 1457 1818 1437 1789 1454 1543 1440 1511 1460 1378 1443 1378 1446 1355 1463 1250 1443 1187 1466 1158 1452 912 1469 732 1457 697 1472 683 1472 576 1452 524 1469 526 1518"/></Shape>
	    <String CONTENT="tant c&#x27;est peut-être dans les bassirns de la Meuse et dte l&#x27;E¬"
                    HPOS="524"
                    VPOS="1434"
                    WIDTH="2136"
                    HEIGHT="113"
                    WC="0.9783887276726384"></String>
          </TextLine>
          <TextLine ID="eSc_line_b056695a"
                    TAGREFS="LT41"
                    BASELINE="530 1612 2660 1585" 
                    HPOS="526"
                    VPOS="1524"
                    WIDTH="2131"
                    HEIGHT="118">
            <Shape><Polygon POINTS="529 1611 529 1640 874 1642 952 1625 1001 1640 1010 1640 1051 1625 1331 1637 1436 1619 1572 1634 1615 1619 1633 1616 1806 1631 1858 1614 2012 1628 2061 1611 2073 1611 2125 1622 2220 1608 2504 1619 2521 1602 2657 1599 2657 1582 2655 1544 2602 1524 2443 1524 2015 1550 1824 1533 1815 1533 1798 1547 1792 1547 1719 1535 1690 1556 1569 1559 1488 1559 1467 1538 1456 1538 1415 1547 1372 1561 1213 1561 1195 1550 1187 1541 1178 1541 949 1564 888 1547 784 1564 726 1550 709 1550 663 1567 526 1553 529 1611"/></Shape>
	    <String CONTENT="cant qu’&#x27;ils se dessinent avec la plus grande netteté. On"
                    HPOS="526"
                    VPOS="1524"
                    WIDTH="2131"
                    HEIGHT="118"
                    WC="0.9910139587887546"></String>
          </TextLine>
          <TextLine ID="eSc_line_dc51869d"
                    TAGREFS="LT41"
                    BASELINE="538 1714 1958 1687 2301 1671 2662 1671" 
                    HPOS="532"
                    VPOS="1616"
                    WIDTH="2128"
                    HEIGHT="128">
            <Shape><Polygon POINTS="535 1712 535 1723 625 1744 706 1723 836 1741 1077 1735 1149 1715 1297 1732 1470 1709 1601 1726 1771 1703 1884 1721 2067 1697 2657 1700 2660 1668 2657 1625 2371 1616 2365 1616 2330 1634 2238 1619 2174 1637 2107 1622 2035 1640 1948 1625 1942 1625 1905 1642 1774 1628 1748 1645 1499 1637 1447 1651 1410 1651 1163 1640 1120 1657 1001 1642 981 1660 851 1645 830 1663 599 1651 532 1668 535 1712"/></Shape>
	    <String CONTENT="a vn, en effet, qu’à très peu d&#x27;exceptions près tontes les villes de"
                    HPOS="532"
                    VPOS="1616"
                    WIDTH="2128"
                    HEIGHT="128"
                    WC="0.990319805986741"></String>
          </TextLine>
          <TextLine ID="eSc_line_c0b4ee9c"
                    TAGREFS="LT42"
                    BASELINE="2078 1711 2680 1722" 
                    HPOS="2073"
                    VPOS="1671"
                    WIDTH="605"
                    HEIGHT="73">
            <Shape><Polygon POINTS="2220 1674 2191 1674 2162 1677 2133 1677 2104 1680 2076 1680 2076 1709 2073 1732 2672 1744 2678 1721 2675 1671 2226 1671 2220 1674"/></Shape>
	    <String CONTENT="&lt;..&gt;"
                    HPOS="2073"
                    VPOS="1671"
                    WIDTH="605"
                    HEIGHT="73"
                    WC="0.9334303885698318"></String>
          </TextLine>
          <TextLine ID="eSc_line_b3dea2a9"
                    TAGREFS="LT41"
                    BASELINE="526 1814 1248 1787 2666 1766" 
                    HPOS="521"
                    VPOS="1712"
                    WIDTH="2142"
                    HEIGHT="127">
            <Shape><Polygon POINTS="2490 1718 2403 1718 2394 1715 2304 1726 2281 1715 2246 1715 2110 1732 2052 1712 2044 1712 2000 1735 1893 1735 1853 1715 1841 1715 1803 1738 1546 1721 1407 1747 1398 1747 1369 1726 1262 1726 955 1755 883 1744 521 1761 524 1822 665 1839 969 1828 990 1813 1103 1828 1175 1810 1262 1828 1288 1807 1357 1819 1586 1802 1693 1819 1795 1799 1850 1816 1942 1796 2099 1810 2145 1793 2663 1793 2663 1764 2655 1723 2510 1723 2490 1718"/></Shape>
	    <String CONTENT="cette région sont filles du Moyen Age &lt;............&gt;"
                    HPOS="521"
                    VPOS="1712"
                    WIDTH="2142"
                    HEIGHT="127"
                    WC="0.9378688633441925"></String>
          </TextLine>
          <TextLine ID="eSc_line_bddb8279"
                    TAGREFS="LT41"
                    BASELINE="513 1895 2658 1856" 
                    HPOS="509"
                    VPOS="1804"
                    WIDTH="2148"
                    HEIGHT="131">
            <Shape><Polygon POINTS="512 1894 512 1935 825 1909 1117 1920 1187 1923 1190 1923 1192 1923 1210 1920 1285 1900 1386 1911 1389 1911 1618 1897 1653 1909 1673 1914 1676 1914 1679 1914 1682 1914 1708 1906 1763 1891 1922 1900 2041 1909 2044 1909 2133 1897 2232 1883 2385 1891 2484 1894 2487 1894 2490 1894 2521 1885 2559 1877 2582 1885 2611 1897 2614 1897 2617 1897 2620 1897 2657 1883 2657 1854 2649 1804 509 1839 512 1894"/></Shape>
	    <String CONTENT="et que ni leur emplacement ne leur confiquration vont"
                    HPOS="509"
                    VPOS="1804"
                    WIDTH="2148"
                    HEIGHT="131"
                    WC="0.9877341164732879"></String>
          </TextLine>
          <TextLine ID="eSc_line_d952fd82"
                    TAGREFS="LT41"
                    BASELINE="513 1990 1856 1966 2653 1972" 
                    HPOS="509"
                    VPOS="1906"
                    WIDTH="2143"
                    HEIGHT="115">
            <Shape><Polygon POINTS="512 1987 512 2016 663 2007 775 2021 825 2001 1045 2018 1120 1998 1146 2016 1282 1998 1473 2013 1511 2007 1580 1990 2646 1992 2652 1969 2646 1914 2310 1923 2278 1906 2267 1906 2229 1926 2128 1926 2102 1909 2093 1909 1965 1926 1850 1909 1827 1932 1763 1932 1725 1911 1580 1911 1554 1932 1158 1917 1048 1937 634 1923 509 1943 512 1987"/></Shape>
	    <String CONTENT="été influencés &lt;&gt; parles survivances de l’empire ro¬"
                    HPOS="509"
                    VPOS="1906"
                    WIDTH="2143"
                    HEIGHT="115"
                    WC="0.9708233510072415"></String>
          </TextLine>
          <TextLine ID="eSc_line_c5028344"
                    TAGREFS="LT41"
                    BASELINE="511 2090 2166 2067 2676 2072" 
                    HPOS="506"
                    VPOS="2001"
                    WIDTH="2169"
                    HEIGHT="124">
            <Shape><Polygon POINTS="509 2088 509 2108 752 2117 796 2102 819 2123 828 2125 917 2125 1001 2102 1192 2120 1221 2105 1320 2117 1511 2097 1583 2114 1635 2094 1725 2108 1757 2091 1783 2111 1792 2114 1867 2114 1867 2111 1992 2085 2223 2085 2336 2105 2359 2105 2435 2085 2484 2105 2675 2105 2675 2071 2669 2024 2406 2024 2322 2004 2220 2024 2191 2001 2035 2001 1971 2033 1841 2033 1803 2013 1737 2030 1664 2007 1543 2027 1499 2016 1488 2016 1456 2036 1386 2036 1357 2010 1346 2010 1236 2039 1132 2039 1091 2013 1079 2013 1013 2039 943 2016 784 2016 749 2033 741 2033 712 2018 700 2018 668 2044 529 2018 506 2027 509 2088"/></Shape>
	    <String CONTENT="main. Il faut ajouter surtant que l&#x27;actioitécommer¬"
                    HPOS="506"
                    VPOS="2001"
                    WIDTH="2169"
                    HEIGHT="124"
                    WC="0.9945236596406675"></String>
          </TextLine>
          <TextLine ID="eSc_line_e5d738bc"
                    TAGREFS="LT41"
                    BASELINE="507 2188 2421 2163 2672 2167" 
                    HPOS="503"
                    VPOS="2099"
                    WIDTH="2166"
                    HEIGHT="122">
            <Shape><Polygon POINTS="506 2186 506 2204 602 2221 955 2201 1039 2218 1071 2204 1328 2215 1462 2195 1546 2212 1844 2195 2064 2206 2298 2183 2501 2198 2524 2180 2666 2198 2669 2166 2663 2099 2188 2120 2052 2099 1994 2120 1800 2111 1777 2125 1609 2105 1540 2131 1384 2131 1227 2111 1152 2134 969 2114 961 2114 958 2120 935 2137 747 2117 738 2117 735 2123 715 2140 663 2120 503 2123 506 2186"/></Shape>
	    <String CONTENT="ciale et indusbrielle qui a été &lt;....&gt; le ferment des bons"
                    HPOS="503"
                    VPOS="2099"
                    WIDTH="2166"
                    HEIGHT="122"
                    WC="0.957087563029651"></String>
          </TextLine>
          <TextLine ID="eSc_line_e80102fd"
                    TAGREFS="LT41"
                    BASELINE="513 2283 1283 2283 2628 2261" 
                    HPOS="509"
                    VPOS="2198"
                    WIDTH="2117"
                    HEIGHT="127">
            <Shape><Polygon POINTS="512 2282 515 2325 584 2302 862 2302 958 2319 1062 2305 1340 2314 1404 2293 1560 2311 1586 2302 1604 2290 1803 2290 1844 2308 1954 2290 2067 2305 2159 2287 2293 2296 2380 2282 2400 2282 2455 2296 2623 2276 2626 2259 2614 2198 2559 2215 2400 2201 2365 2218 2304 2201 2290 2201 2026 2224 1841 2206 1806 2230 509 2230 512 2282"/></Shape>
	    <String CONTENT="geoisies s&#x27;est développée avec une vigneur partiulière le"
                    HPOS="509"
                    VPOS="2198"
                    WIDTH="2117"
                    HEIGHT="127"
                    WC="0.9853318323168838"></String>
          </TextLine>
          <TextLine ID="eSc_line_e5d14c4a"
                    TAGREFS="LT41"
                    BASELINE="511 2377 1209 2381 2676 2354" 
                    HPOS="506"
                    VPOS="2287"
                    WIDTH="2169"
                    HEIGHT="134">
            <Shape><Polygon POINTS="509 2374 509 2400 657 2421 726 2400 909 2418 932 2403 1106 2415 1158 2397 1300 2412 1580 2392 1699 2406 2675 2377 2675 2351 2672 2314 2600 2287 2490 2287 2432 2316 2296 2316 2212 2293 2093 2322 1922 2322 1922 2319 1893 2299 1879 2299 1844 2322 1534 2302 1499 2328 1398 2314 1384 2325 1381 2331 1207 2331 1178 2308 1117 2308 1077 2334 955 2334 909 2311 897 2311 859 2337 761 2314 686 2337 593 2316 506 2334 509 2374"/></Shape>
	    <String CONTENT="long des deux flennes dont elles jalonnent le couro. Néau¬"
                    HPOS="506"
                    VPOS="2287"
                    WIDTH="2169"
                    HEIGHT="134"
                    WC="0.9959755601554081"></String>
          </TextLine>
          <TextLine ID="eSc_line_ff7dfdc6"
                    TAGREFS="LT41"
                    BASELINE="507 2474 1258 2474 2658 2452" 
                    HPOS="503"
                    VPOS="2392"
                    WIDTH="2154"
                    HEIGHT="107">
            <Shape><Polygon POINTS="506 2473 506 2499 2655 2470 2657 2449 2649 2409 2408 2409 2385 2392 2281 2412 2020 2397 1983 2415 1884 2403 1754 2418 1740 2418 1719 2400 1621 2400 1554 2421 1508 2421 1224 2406 1172 2426 830 2412 778 2429 747 2412 735 2412 735 2415 712 2432 587 2415 503 2429 506 2473"/></Shape>
	    <String CONTENT="moins, la vie rubaine y a été necéssairement determi¬"
                    HPOS="503"
                    VPOS="2392"
                    WIDTH="2154"
                    HEIGHT="107"
                    WC="0.9861453243021695"></String>
          </TextLine>
          <TextLine ID="eSc_line_7ca93834"
                    TAGREFS="LT41"
                    BASELINE="509 2566 2192 2551 2643 2556" 
                    HPOS="503"
                    VPOS="2487"
                    WIDTH="2137"
                    HEIGHT="116">
            <Shape><Polygon POINTS="506 2565 506 2603 654 2583 998 2597 1056 2597 1100 2580 1146 2594 1166 2597 1236 2577 1378 2594 1549 2574 2029 2588 2157 2568 2197 2585 2203 2585 2637 2568 2640 2554 2637 2504 2388 2487 2380 2487 2351 2504 2316 2487 2307 2487 2270 2507 1925 2507 1882 2493 1702 2510 1679 2493 1546 2493 1398 2496 1355 2513 610 2502 590 2519 564 2504 555 2504 503 2519 506 2565"/></Shape>
	    <String CONTENT="née &lt;..&gt; par une foule de circonstanes politiques"
                    HPOS="503"
                    VPOS="2487"
                    WIDTH="2137"
                    HEIGHT="116"
                    WC="0.9772647716561143"></String>
          </TextLine>
          <TextLine ID="eSc_line_0fe40256"
                    TAGREFS="LT41"
                    BASELINE="520 2661 2653 2655" 
                    HPOS="515"
                    VPOS="2594"
                    WIDTH="2137"
                    HEIGHT="101">
            <Shape><Polygon POINTS="518 2658 518 2675 1103 2695 1111 2695 1137 2675 1337 2690 1899 2672 1980 2690 2006 2692 2009 2695 2388 2695 2388 2692 2530 2675 2646 2692 2652 2652 2646 2614 2536 2614 2516 2594 2423 2614 2203 2614 2165 2597 2157 2597 2125 2611 2081 2594 1910 2609 1882 2594 1682 2594 1653 2611 1627 2597 1621 2597 1314 2614 1285 2597 1169 2597 692 2614 622 2597 515 2617 518 2658"/></Shape>
	    <String CONTENT="et économiqus. Suivant les contrées elle présente des ca¬"
                    HPOS="515"
                    VPOS="2594"
                    WIDTH="2137"
                    HEIGHT="101"
                    WC="0.9755556970311884"></String>
          </TextLine>
          <TextLine ID="eSc_line_aa59d33e"
                    TAGREFS="LT41"
                    BASELINE="511 2761 2097 2751 2668 2757" 
                    HPOS="506"
                    VPOS="2690"
                    WIDTH="2160"
                    HEIGHT="104">
            <Shape><Polygon POINTS="509 2759 512 2794 547 2776 602 2791 1302 2773 2660 2782 2666 2756 2663 2710 2545 2690 2264 2707 2073 2690 2049 2707 2029 2692 2020 2692 1760 2710 1737 2695 1604 2707 1522 2692 1499 2713 1039 2713 990 2695 978 2695 955 2710 816 2698 761 2713 660 2695 506 2713 509 2759"/></Shape>
	    <String CONTENT="ractères propres, une indi viduabité élairement ryeon"
                    HPOS="506"
                    VPOS="2690"
                    WIDTH="2160"
                    HEIGHT="104"
                    WC="0.9917709804930777"></String>
          </TextLine>
          <TextLine ID="eSc_line_c0087a4e"
                    TAGREFS="LT41"
                    BASELINE="503 2853 1676 2852 2653 2867" 
                    HPOS="500"
                    VPOS="2788"
                    WIDTH="2152"
                    HEIGHT="107">
            <Shape><Polygon POINTS="500 2852 500 2880 648 2869 689 2889 1010 2889 1010 2886 1161 2869 1268 2889 1433 2872 1488 2889 1496 2889 1569 2872 1994 2886 2052 2886 2099 2875 2272 2895 2440 2878 2478 2895 2484 2895 2649 2886 2652 2866 2649 2820 2475 2799 2466 2799 2446 2817 2316 2817 2293 2802 2174 2817 2148 2817 2044 2797 1968 2814 1757 2799 1679 2814 1641 2794 1633 2794 1583 2811 1543 2794 1450 2811 1424 2794 1297 2794 1207 2811 1163 2791 1065 2791 1039 2808 923 2794 663 2808 547 2788 500 2802 500 2852"/></Shape>
	    <String CONTENT="naissable et il est faut j’éter manitenant un toup"
                    HPOS="500"
                    VPOS="2788"
                    WIDTH="2152"
                    HEIGHT="107"
                    WC="0.993634250164032"></String>
          </TextLine>
          <TextLine ID="eSc_line_09d262e4"
                    TAGREFS="LT41"
                    BASELINE="519 2965 642 2958 1368 2952 2668 2956" 
                    HPOS="515"
                    VPOS="2883"
                    WIDTH="2151"
                    HEIGHT="113">
            <Shape><Polygon POINTS="518 2964 521 2990 581 2970 712 2970 741 2993 810 2990 1010 2973 1992 2973 2038 2996 2142 2996 2142 2993 2206 2970 2304 2973 2327 2993 2336 2996 2446 2996 2446 2993 2521 2970 2660 2976 2666 2953 2663 2912 2568 2912 2533 2889 2519 2889 2504 2904 2463 2892 2353 2909 2296 2883 2038 2883 2012 2906 1963 2895 1879 2909 1821 2883 1719 2883 1661 2912 1592 2912 1560 2889 1444 2906 1378 2883 1369 2883 1302 2906 1250 2895 1207 2912 868 2912 764 2883 616 2909 584 2883 573 2883 515 2909 518 2964"/></Shape>
	    <String CONTENT="d&#x27;ocil, après avoir chercté à décrire les facteurs pene¬"
                    HPOS="515"
                    VPOS="2883"
                    WIDTH="2151"
                    HEIGHT="113"
                    WC="0.9828426678265844"></String>
          </TextLine>
          <TextLine ID="eSc_line_e64577c5"
                    TAGREFS="LT41"
                    BASELINE="490 3054 2649 3046" 
                    HPOS="486"
                    VPOS="2987"
                    WIDTH="2160"
                    HEIGHT="90">
            <Shape><Polygon POINTS="489 3051 489 3077 2643 3077 2646 3045 2637 2996 1786 3005 1766 2999 1728 2987 1725 2987 1722 2987 1719 2987 1679 2999 1661 3005 1635 2999 1566 2987 1563 2987 1560 2987 1520 3002 1496 3008 1421 3002 1297 2990 1294 2990 1291 2990 1288 2990 1273 3002 1265 3011 949 3011 935 3005 900 2993 897 2993 894 2993 891 2993 857 3005 845 3008 813 3005 686 2990 683 2990 680 2990 636 3005 628 3008 616 3005 538 2990 535 2990 532 2990 486 3005 489 3051"/></Shape>
	    <String CONTENT="neute et generaux de leur développement, sur les sariélés"
                    HPOS="486"
                    VPOS="2987"
                    WIDTH="2160"
                    HEIGHT="90"
                    WC="0.9920146873122767"></String>
          </TextLine>
          <TextLine ID="eSc_line_1f95a479"
                    TAGREFS="LT41"
                    BASELINE="513 3150 1701 3145 2033 3154 2626 3154" 
                    HPOS="509"
                    VPOS="3083"
                    WIDTH="2114"
                    HEIGHT="107">
            <Shape><Polygon POINTS="512 3149 512 3170 718 3184 804 3170 830 3170 909 3190 1082 3184 1097 3170 1117 3170 1268 3190 1384 3170 1615 3170 1699 3190 1824 3170 1844 3170 1893 3187 2620 3170 2623 3152 2617 3100 2432 3103 2391 3083 2382 3083 2304 3103 2145 3083 2023 3103 1931 3083 1861 3106 1708 3086 1641 3106 1456 3106 1407 3094 1346 3086 1337 3086 1308 3106 1291 3094 1273 3086 1265 3086 1210 3106 1158 3086 1068 3094 952 3109 790 3109 764 3086 752 3086 677 3106 596 3086 509 3092 512 3149"/></Shape>
	    <String CONTENT="locales &lt;.....&gt; par lesquelles ils se"
                    HPOS="509"
                    VPOS="3083"
                    WIDTH="2114"
                    HEIGHT="107"
                    WC="0.9459154235350119"></String>
          </TextLine>
          <TextLine ID="eSc_line_d2e46511"
                    TAGREFS="LT41"
                    BASELINE="507 3231 1076 3249" 
                    HPOS="503"
                    VPOS="3175"
                    WIDTH="571"
                    HEIGHT="110">
            <Shape><Polygon POINTS="506 3230 503 3248 694 3277 697 3277 877 3265 1036 3285 1039 3285 1042 3285 1045 3285 1071 3265 1074 3248 1074 3207 923 3187 920 3187 816 3199 807 3199 804 3199 787 3181 784 3181 781 3181 778 3181 718 3193 700 3178 697 3178 694 3178 692 3178 689 3178 657 3193 579 3175 576 3175 506 3187 506 3230"/></Shape>
	    <String CONTENT="tont réalisés."
                    HPOS="503"
                    VPOS="3175"
                    WIDTH="571"
                    HEIGHT="110"
                    WC="0.9998158684798649"></String>
          </TextLine>
          <TextLine ID="eSc_line_56ba3468"
                    TAGREFS="LT41"
                    BASELINE="536 3341 970 3353 2573 3335 2703 3366" 
                    HPOS="535"
                    VPOS="3262"
                    WIDTH="2166"
                    HEIGHT="128">
            <Shape><Polygon POINTS="535 3375 967 3372 1172 3390 1230 3369 1467 3369 1566 3390 1890 3387 1989 3363 2018 3381 2264 3384 2400 3361 2440 3381 2698 3378 2701 3363 2698 3294 2495 3294 2440 3262 2429 3262 2319 3291 2284 3262 2275 3262 2119 3268 2070 3300 1992 3300 1931 3274 1922 3274 1861 3291 1821 3274 1809 3274 1769 3300 1656 3300 1543 3271 1476 3303 1349 3282 1256 3271 1181 3306 1163 3288 1152 3288 1114 3309 903 3309 877 3288 865 3288 828 3309 790 3277 778 3277 715 3291 535 3280 535 3375"/></Shape>
	    <String CONTENT="Ces varichés sont très nombeuses et, dans les Pays-Bas comme"
                    HPOS="535"
                    VPOS="3262"
                    WIDTH="2166"
                    HEIGHT="128"
                    WC="0.9695373773574829"></String>
          </TextLine>
        </TextBlock>
        <TextBlock HPOS="1051.0"
                   VPOS="746.0"
                   WIDTH="896.0"
                   HEIGHT="241.0"
                   ID="eSc_textblock_a6d30893"
                   TAGREFS="BT57">
          <Shape><Polygon POINTS="1089 790 1051 987 1947 987 1937 746"/></Shape>
          <TextLine ID="eSc_line_a423d11b"
                    TAGREFS="LT40"
                    BASELINE="1109 873 1750 858" 
                    HPOS="1106"
                    VPOS="760"
                    WIDTH="642"
                    HEIGHT="119">
            <Shape><Polygon POINTS="1598 763 1569 763 1540 766 1511 766 1499 766 1479 786 1450 821 1166 824 1163 824 1149 809 1149 807 1146 807 1143 807 1140 807 1137 807 1135 807 1106 821 1108 870 1108 879 1745 867 1748 856 1740 760 1609 760 1598 763"/></Shape>
	    <String CONTENT="(pap..1)"
                    HPOS="1106"
                    VPOS="760"
                    WIDTH="642"
                    HEIGHT="119"
                    WC="0.9729660749435425"></String>
          </TextLine>
          <TextLine ID="eSc_line_63cbbe0f"
                    TAGREFS="LT40"
                    BASELINE="1398 931 1549 921" 
                    HPOS="1389"
                    VPOS="861"
                    WIDTH="160"
                    HEIGHT="134">
            <Shape><Polygon POINTS="1395 928 1398 995 1549 983 1546 919 1537 861 1389 885 1395 928"/></Shape>
	    <String CONTENT="II"
                    HPOS="1389"
                    VPOS="861"
                    WIDTH="160"
                    HEIGHT="134"
                    WC="0.9999871253967285"></String>
          </TextLine>
        </TextBlock>
        <TextBlock HPOS="2469.0"
                   VPOS="16.0"
                   WIDTH="214.0"
                   HEIGHT="63.0"
                   ID="eSc_textblock_5e68cc82"
                   TAGREFS="BT60">
          <Shape><Polygon POINTS="2469 16 2469 79 2683 79 2683 16"/></Shape>
          <TextLine ID="eSc_line_66f260b5"
                    TAGREFS="LT41"
                    BASELINE="2517 56 2627 43" 
                    HPOS="2507"
                    VPOS="17"
                    WIDTH="119"
                    HEIGHT="72">
            <Shape><Polygon POINTS="2597 17 2568 17 2536 17 2507 17 2516 54 2519 89 2626 75 2626 40 2617 17 2597 17"/></Shape>
	    <String CONTENT="53"
                    HPOS="2507"
                    VPOS="17"
                    WIDTH="119"
                    HEIGHT="72"
                    WC="0.9999999403953552"></String>
          </TextLine>
        </TextBlock>
      </PrintSpace>
    </Page>
  </Layout>
</alto>
