2713 3467
540 34 1834 110 tous les sentiments sociaux. Mous aurons l'er

2395 20 138 121 1276

557 138 1999 101 casion de le constater en suivant ses manifestations

563 228 2031 107 proqui à la fin du XVIIe siècle. <.. ..>

560 338 2022 101 <.... ...> Les autres villes liégeoises ne lui fourni¬

540 427 2086 101 rent point l’occasion de se developper aussi librement ques

554 525 2078 101 dans la capitale. Dans la plupart d'entr elles, une brace

548 624 2063 98 d'industrie - la draperie a Hug et à Sauit-Trond, la bat¬

548 719 2089 101 terie de nivre à Dinant-l’emportait sur toutes les au¬

557 832 2014 80 tres, donmait l'assendant du nombre a un groupe de

551 927 2055 66 travailleurs et entutenait l'existence d'une classe de

543 999 2028 98 riches marchands. Dès lors, dans ces agglomérations de

551 1100 2046 96 tons plus nnancés, de nature hétérogène, l’introdection

557 1190 2046 87 d'e syst̀me poirement égabitaire devenait impossi¬

554 1282 2014 99 ble, Pri encore, la forme politique se modala sur le sents¬

551 1381 2040 98 tratune éconsmique. O le remargue dans la plus active

551 1476 2063 89 des villes mosanes Dinant avec une netteté particuls-é¬

543 1577 2071 92 re. Depuisle Milieu du XIVe siècle, le gouvernement umi¬

540 1672 2074 93 cipal y fut partage entre les trois éléments de la populatien¬

543 1753 2051 119 Il appartint pour un tiers aux bonnes gens d'emmy la ville,

1017 1730 424 75 recpechevement.

534 1863 2072 95 C'est à dire aux marchands exportateurs, au grad métier

540 1970 2066 84 des batteurs de cuivre et aux neuf pétits métiers compre¬

543 2065 2077 98 nant la masse des artisans Locaux. Ce type d'organisation

543 2158 2068 98 n'a d'ailleurs rien de partienlièrement dinantais. Il ré¬

551 2259 2057 92 pond <. à la nature de toutes les agglomé¬

548 2348 2049 99 rations urbaines où des intérêts divergents se trouvant

554 2461 2014 90 en présence, il fallut attribuer à chacnn d eux une

548 2548 2034 98 inteuvention proportionnelle à son importance. On le

554 2663 2066 101 trouve en vigneur dans pesque toutes les vi lles braban¬

560 2762 1936 106 connes et <> du moins pendant les périodes de calme

551 2857 1014 124 dans les viles flamendes
