2713 3486
555 31 1893 120 après so toulèvement de 1396, adopte la constitection

2483 26 104 116 171

561 136 2032 102 de Liège. Mais il ne serait pas imposcible que l’Italie et

549 226 2073 110 particulièrement Floreume ent impiré, dans quelque me¬

549 325 2070 93 sure le système que nous venons de décrire. Les relations

552 406 2059 111 é́conomiques étaient trop inteuces entre la Toscane et

543 502 2076 116 les Pap-Bas pour que les institutions de celle- la soient

549 607 2009 107 rectées complèhement incommes dans ceup-ci et il

546 703 2068 119 n'est douc pas téméroire de croire qu'elles pouvent, jusqu'à

558 813 1852 99 un certain point, leur avoir servi de Modèle¬

613 909 2027 107 <.....> Quoéqu’il en soits, la création des membes de

543 1005 2059 104 la bourgeoisie diepêle clairement son but. Elle se propose

558 1109 2038 96 <.......> d'établir, <> entre les divers ciomper so¬

546 1202 2073 108 cieux de la commune un équilibre politique stable. Sauf a

535 1292 2073 114 Liège, où le patrieet amoindri désparait comme corpo¬

540 1400 2109 96 ration distinche, elle lui accorde partout <.> part d'in¬

2244 1379 79 61 se

549 1496 2065 93 tervention a côté des artisans. Quant à leux-cà, suivant

1962 1464 518 81 leur rale est meoure

558 1589 2093 95 leur importance et la nature de leur industrie <...>

549 1670 2102 116 <... On a donc eu raison de voir, dans les constitutions

552 1774 2105 114 démocratiques du XIVe sieil, un essai fort <..> de la re¬

2073 1760 276 73 crrieux

546 1885 2097 107 présentation des intérêts. Le principe de l’égalité ee tous

543 1987 2111 113 les citoyens leur esn complètement étrangers. Elles ne l'a

549 2088 2076 119 bandonnent pas, comme les dénocratées modereus, à la

564 2184 2085 128 force avengle du nombre. Elles s'efforcent si l'ou peut aincé

543 2271 2114 148 dire, etc doser les suffrages et d'adapter le plus exactement

546 2379 2085 133 possible l’organisation politique à̀ l’organisation sociale.

540 2477 2111 128 Ce n'est que là où, comme à Liège, les ..f.... ......>

540 2588 2117 128 <.. .... ...> différences sont peu

546 2678 2117 145 tensibles entre les forces des groupes en présence, qu'elle <..>

549 2771 2111 142 <... .... ....> leur acéonde des droit égaux. Par¬

1686 2777 279 66 recon naît

549 2890 2062 122 tout ailleurs, en pays wallon comme en pays fauvand

546 2974 2097 128 le degré de l'assendant dconomique d'un groupe déter¬

535 3064 2134 143 mine le degré de sa partiopation en pouvoir. A dinant

555 3169 2111 136 où la batterre jouit d'une importance analoque à celle

558 3279 2073 119 qui appartient en Flandre à la draperie, la constitution
