2713 3533
574 32 2091 124 soit aux lieux mêmes de production, soit dans

559 126 2106 133 les ports de la côte, soit aux grandes foires de l'ent

568 214 2091 130 rieur. En temps de disette ou de famine, et l'on sait

580 320 2062 124 s'as catastrophes se repétaient fréquemement au

574 418 2053 120 oyen âge -c'est même grâce é cette importation

589 506 2073 124 que les villes, privèes des ressources de leurs alentans

583 591 2065 130 parvenaient a noerrir leur population. <...>

565 685 2092 124 Il est hautement interessant de constater que la ri¬

571 774 2068 138 glemertation esquissée plus hant ne s'applique plus à ce

562 868 2092 91 nouveau mode de ravitaillement. Faite pour le mar¬

571 971 1885 100 ché local et capable de le dominer <......>

1932 930 713 106 par ce qu'il est restruit

571 1048 2044 106 elle nn peut <.. ..> le

1131 1036 274 71 enserrer

580 1142 2097 129 grand commerce dans ses mailles étroites. Il le rome

574 1236 2059 124 comme un sanglier rompt tans peine ue filet à

577 1330 2071 124 alouettes. La legislation urbaine peut liers empecher

556 1427 2092 127 un boubanger d'accennules secrètement dans son

595 1522 2067 135 grenier quelques tas de ble dans le but de les revendre

583 1598 2094 147 a haut prix à la première tausse, mais elle se trouve

574 1695 2035 148 impriissante d'évant le marchand en gros qui

589 1792 2059 139 fait débarquer sur su quais la cargaison de plu¬

568 1875 2103 141 sieur bateaux chargés de seègle ou de froment. Icles

583 1984 2076 112 se trouve eù en présence d'un <...>

568 2087 2083 103 phévomène économique anquel elle n'est point a¬

542 2163 2088 121 daptée. Le capital la déroute dès que son action sé

550 2267 2095 111 manifeste. Il est, pour ainsi dire en dehors de ses cal¬

562 2361 2089 88 ceule.et il est certainement en dehors de ses attlites.

565 2452 2118 103 eès q'il apparait, elle reeule devant lui et lui cède la

571 2543 2121 115 place. si elle se maintient, c'est qu’il n'est pas eucor

562 2643 2109 109 taffisamment répandu pour conquérir, c'est q’il

1829 2614 206 68 tou

556 2741 2121 106 rest en domme, une forcé exceptionnelle et extroors

539 2835 2150 117 dinaire. Il ne se déploie que dans la sphère des grand

550 2947 2121 88 commerce et ne cherche pas à se soumettre celle des

556 3029 2112 115 petiter transactions et de la vie journalière. Mais ce

559 3126 2118 121 serait une grave erreur que d'oublier, son existenr

550 3220 2133 121 et que de ne point constater l'imperissance à la¬

562 3318 2092 120 quellil réduit, d'és, qu'il se manfeste, l’organisation

556 3415 1367 106 éionomique de l'echanges direct

2512 11 97 65 215
