2713 3500
530 46 1987 117 pas échapper l'occasion de se prononcer pour elles et, a

2465 0 169 166 199

522 145 2097 88 défant d secours effectifs leur octroirait au moins des

519 218 2141 126 diplômes qu'elles pouvraient invaquer pour justifiecleus

519 315 2045 99 conduite, c'est au pape qu’elles adrecsent des plaintes

501 390 2159 111 stériles. La seule autorité <....> capable de leur four

525 475 2077 111 nir un titre à opposer aux prétentions de l'évêque, elles

516 560 2068 119 la négligent ; la seule chance qu'elles aient de pouvoir

533 641 2121 131 s'élever au rang de viles litres, elles ne songent pas à l'ati¬

536 735 2109 122 bser. C’'est que manifestements la concoience de leur eppas

530 825 2057 128 tenance à l'Empire a des par et que leur vee politique

522 921 2106 131 s'absorle desormais tout entìre dans les limites étroites

533 1009 718 99 de la principanté.

548 1108 2100 108 Au lieu d'une suzeraineté nominale comme celle de l'Em¬

545 1213 2135 90 pereur, c'est une surerainaté <... .. ...>

1560 1175 423 76 rielle et très active

533 1268 2118 129 <....> que le roi de France exerce sur la Flandre. <... .....>

542 1350 2130 114 <..> les villes, en conflit avec Qui de Dampierre, ne man¬

548 1440 2124 120 quent pas dle la mettre à profit. Nos avonr voy (1) cousment, pour

536 1540 2124 99 <......> l'assurer une sour egarde contre <> elles

2062 1516 341 73 le comte

539 1612 2109 91 se placèrent sous la protection de la courienne. Fendant un irs¬

539 1685 2136 108 tant elles ne relevèrent que de la jeridéction royale et jouèrent d'un

530 1764 2127 102 situation cnaloque à celle des villes libres d'Allemagne. Mais la

528 1828 2112 123 révolution d'emoeratique de 1302 <.......> qui reuversa

533 1913 2098 117 les patreciens Leliaerts rompit aussi les lieus qui vénaient de le

539 2021 2077 96 nouer entre le capétien et les communes et ils ne furent jamais

539 2091 2115 119 rétables dans la suite. Apèès la paix définitiu entre la Flandre et

548 2172 2121 140 la France, en effet, ls rois cessèrent de rechercher l’alliance des

551 2266 2109 131 villes <.. ... ..... .. .... .> politique s'efforce

545 2353 2118 120 desormais de se comélier le comteet, pour l'attacher à leur causes

551 2432 2132 128 ils loi viennent en acde contre les insurrections mmiopales. c'eest

563 2534 2112 120 grâce aux armées pauçaises que Louis de Nevers en 1328 et Louis de

551 2613 2141 131 male en 1380 ont pu <.........> triompher des deux plus for¬

542 2709 2127 137 midales révoltes urbaines que mentionne l'histoire du Pap¬

536 2811 2144 137 Bas. Ainse la faiblesse du suzerain dans le pays de Liège, sa preis

548 2896 2141 134 sance dans le comté de Flandre, aboutèrent en somme aux mêmes

545 2972 2097 148 résultats. <...... ... .. . .... .. ....>

542 3074 2089 119 <... ....> l'une et l’autre tournèrent en définitive au profit des

545 3141 2089 154 friuces. L'empereur en n'agissant pas pour les villes, le roi de Trauce

554 3260 755 146 (1) Vy. plus haut. p.
