2713 3430
2470 14 140 91 23

511 77 2096 125 à Liège un régime qui devait durer jusqu'à le fus s

494 174 2078 114 l'ariven régime. <.. .. .. ....> La

488 277 2167 97 France qui avait juqu'alos souteion la commne l'atan¬

2352 237 283 85 venait de

494 360 2156 103 donnér pour s'allier à l'evêque edès lors la vctoire de

506 454 2089 114 celui-ci était certaine. L'anarchie politique avait

500 548 2158 112 crié dans lacité une situation intolérabte. Les métiers

508 645 2162 129 qui n'avaient pus se maintenir que parla faiblesse

497 754 2175 112 du prince <.> se trouvèrent impuissants devant

491 843 2161 114 lui des que son <..> pouvoir reposa sur celui du roy

506 931 2146 152 de France. Ils perdisent <..> prerogativns politiques qu’ils

1343 911 395 66 à leur pour le

500 1043 2152 134 avaient conservéés durant se longtermps. La lutte s'a¬

497 1134 2118 129 cheva a siège, comme ailleurs, par le triomphe de

508 1237 2027 132 l'Etat. <.... . .. ....> Il faut reconnaître

508 1343 2136 129 d'ailleurs que la constitution démoiratique de Liège au

508 1437 2150 152 <.... ..>, avait fait son temps. Les trente-dux me¬

503 1546 2075 120 tiers qui nommaient le conseil <..... ..>

497 1640 2158 132 <..... ....> n'avaient point pu organiser dans

508 1732 2167 137 la ville un gouvernement stable, <... ...>

508 1832 2130 123 Sen a peu ils étaient toubés sous l'ascendant d'un

508 1935 2144 123 poupe de meneurs et d'intriquants. Ils d'étaient mon¬

503 2035 2155 140 très incapables surtout de <.. ..>

508 2135 2110 134 <.. surmonter les difféceltés que crésient à

503 2220 2121 158 la principanté les ambitions rivales de ses voissier la

503 2329 2155 149 France et l'Es pagne. <. ..... ... .....>

488 2446 2164 140 <.....> comme il arrive habituellement de

508 2541 2153 191 régimes populaires, il avaient tout dacrifié à la potli

497 2652 2173 157 tique intérieue ; ils navaient pas comprès que leurs pas¬

494 2749 2173 146 tions et leurs intérêts laissaient le roi de France fort in

517 2849 2150 163 diffèrent <... ..... .. ....  ......>

500 2964 2112 131 <.. ..... <.......> et ni il ne s

488 3066 2179 123 mêlait que pour entretenir so influence sus lea frontière

511 3161 2156 134 des Pays-Ras. Le rifes des pleipotentiaires du congrès de

497.0 3267.0 2173.0 120.0 mmêque de récevoir leurs négociateurs, ne leur dessre
