2713 3456
599 31 2027 138 si l'on veut d’usuriers. Le rôle que les grands mar¬

2473 2 107 93 99

610 141 1987 126 chands jouèrent en Flandre fut joui chez elle par les

607 244 1993 110 changeurs. <.. .... .  >

613 342 2033 90 <..... ... .........> La conititution lcommique

593 443 2059 89 et sociale présente un caractère particulier et nous au¬

599 518 2041 115 rous l'occasion de signaler plus loin l'influence que

613 619 1682 109 cet état de choses a exercé sur sion histoire

1359 858 248 129 51

630 1033 2010 110 Il a été beaucoup question, dans les pages précédentes

624 1143 2037 95 d'grandes, villes, de "grandes " agglom ération maschan

610 1241 2039 92 des etc. Le sens de ces adyechifs doit être précisé. On n'est

627 1336 2022 92 grand que par comparaison et cette verité banale suf¬

627 1414 2008 95 fit à nous <tes premine conte l’erreur d'assimi l'er

607 1494 2051 115 iles grandes villes du Moyenâge à nos grandes villes moder¬

616 1584 2039 115 nes. Il est évident qu’il faut rédiure l'importance des

624 1673 2019 101 centus urbains à l'échelle, si l’on peut oessi dire, de

610 1771 2028 109 la civilisation au milieu de laquelle ils se sont dé¬

610 1866 2039 112 veloppes, et, a moins que l'on ne prétende que l'Eu¬

624 1952 1993 118 rope du XIIIee siècle a nourri autant d’hommes que

636 2041 1981 119 l'Europe du XXe, du dmettra sans peine que la po¬

633 2136 1938 116 pulation urbaine, il y a tuili contsans ne peut être

624 2220 2016 115 mise en parallèle avec la population urbaine de

610 2329 2002 93 nos jours. i emident que cela soit <, on ne

973 2298 288 72 Nlanisorps.

622 2419 2021 98 s'en est avisé qu'assez tard. On lit encore avec stu¬

616 2511 2033 115 peur dans des ouorages tout récents <..> qu Epres, au

619 2606 2016 104 temps de Saint Louis comptait 2ouvos habitants et

633 2698 1982 118 que Brugeos et Gand étaient peuplés en propartion! La

636 2808 2013 103 question <.> pourtant la peine d'un serieux exa¬

947 2782 256 72 périte

630 2897 1999 109 meu. Faut-il rappeler, en effet, que de la démographée

624 2989 2022 101 est peut être la plus importante de toutes la sciences so¬

622 3101 2016 104 crales puisque c'est elle, en denière unalyse qui nous

624 3196 2042 104 renséiquant eur la dnité de la population noum per

616 3286 2050 115 met du même coup d apprecier les ressourres militaires
