2713 3529
582 73 2080 97 avec la population urbaine ont été très différents.

564 120 2101 129 Dans les résidences épiscopales où ils étaient fort nombreux

564 182 2110 147 et fort riches et où leurs intérêts, se trouvaient souvent en

564 252 2093 159 conflit avec ceux ds bourgeois, les luttes n'ont pas manqué

567 332 2122 144 ente les deux éléments., ll Liège notanment, les chanoines ee

564 420 2090 135 la cathédrale, groupant autoue d'eux leschopètres des sept

570 491 2107 155 collegiales de la ville, possédaient une puissance qui a lenytengs

564 573 2116 141 retardé, l'évolition complite de la commune. Een Flandre, au

562 644 2109 141 contraire, on, <.. . . l> population civile

564 726 2096 150 l’emporte <....> sur la population clérirale celle-ci

965 752 306 68 de beaucoup

559 811 2127 150 n'essaie pas de resister à celle-tà. Les monastères se conten

553 894 2142 149 tent de leurs imunités et y tolèrent la mise en viguens des

564 985 2128 161 règlements urbains. Quant au clergé sécuclier, presque tout

559 1073 2121 144 entier composé des prêtres des paroisses, <> habiluellement

556 1149 2124 159 rcruté dans la bourguraie, et et parfois même désigné

564 1232 2093 150 par elle aux collateurs (1), il ne possida jamais ni la force, né

562 1305 2080 159 d'ailleurs <.> la sesir, s’entrer en lutte avecelle. Les

562 1388 2109 161 evêques cherchèrent bien à <....> de loin, dans les ville¬

700 1420 265 73 de Tournoi

1500 1396 362 71 intervenir

564 1470 2075 168 flamandes, en faveur du clergé : mais leurs efforts-sur

556 1540 2106 171 laquels nous reviendrons ailleurs - éctoùrent compléte¬

559 1638 2124 141 ment et ils ecocent la sagesse se ne point s'olstiaer.Ains

570 1720 2110 159 donc, en dehors des gens d'Eglise qui vivent sous le droit canon

559 1802 2103 159 la population urbaine tout entière participe au même

564 1882 2128 153 droit et elle g participe parceque tous ceux qué <. habitent <...>

556 1967 2121 156 dans l’enceinte dles rempart municipal, jouissent éga

559 2049 2130 156 lement de la literté. <..> La liberté, devenué de rare au

567 2135 2107 150 cours du XI^e siècle que la mat libes était devenu synomime

570 2202 2119 165 de nobilés, est désormais la condition légale ses bourgeois

562 2290 2124 153 "d'air de la ville rend libre" dit le proverle allemaint du

553 2364 2142 176 moyen âge, et cela est aussi rigomémement vrai pour les Pay¬

553 2449 2124 183 Bas que pour l'Allemagne. De meme que dans les temps mo¬

556 2523 2118 161 dernes l'esclave s’affranchissait en posant le pied sur le saf

2262 2584 333 80 le vilain qui

562 2620 2118 167 d'un Étateuropéen, de meme, depuis le XIIe siècle goicique a

553 2684 2136 168 résidé́ un au et un pour dans une ville, voit des paraître

553 2793 2112 147 sa servitude. Il peut y avoir étil y a, entre les bourgeois

573 2893 2107 121 d'éclatants contrastes sociaux : il n'existe plus en revar¬

564 2958 2116 153 che, parmi eux, de différences juridiques. Le plus pauirs arti¬

547 3049 2136 127 .> comme le marchand le plus riche, également ha¬

2512 26 95 53 42

556 3173 2136 135 nistration ou à la guerre se sont peuà peu fondus dans

547 3264 527 103 la chevaleric.

559 3331 1097 133 (1) A Gand, par exemple, dés.....
