2713 3438
630 57 2005 112 hésitaient desormais à les affronter. <..... ..>

633 151 2036 112 <...... . Mais les milicus urbaines n'étaient

625 243 2022 103 redoutables que dans la défensève. Elles n’étaient si assez

633 332 2002 109 manocorières, ni surtout assez résistantes pour attaquer

636 429 1990 109 l'ennemi sur son propre serrain. Il leur était impos¬

636 527 1965 91 sible de s’écarter trop loin des villes d'où les artisans

642 621 1976 92 ne pouvaient, au surplus, s’abrenter longtemps sans

645 719 1999 108 rinez l'industrie dont ils vivaient, line pais, défioition

2125 687 235 66 nouvelle

639 810 1996 109 cette fois, fut conclue en 1320. Elle abandonnait pour tou¬

639 893 1959 121 jours à la France les territoires provisoirement cédés

639 999 1985 115 à Athis. La Flandre, jusqu'alors bibingue, <............>

648 1111 1970 92 <....> faisait le sacrifice de les populations no¬

642 1209 1982 103 manes et s'evenait un territoire purement germa¬

648 1306 278 103 nique.

1583 1294 195 121 II

688 1380 1938 118 Durant toutes ces péripèties, le régiime denseratique

653 1504 1930 74 établi révolutionnaircement, dans ls villes en 1302

659 1581 2008 95 avait subi de profandes modifications. Tout dt aborot nis¬

656 1678 1968 101 titué́ à la hate et soumis à l'influence <......>

653 1776 1982 91 des ouvriers de la grande industrée, tissérands et jou¬

659 1859 1962 100 loes, qui avaient donné le signal de la révolte et

668 1956 1947 95 auxquels leur nombre donnait un ascendant mo¬

668 2054 1950 83 mentané, il avait < > brentôt d’éouillé

662 2137 1976 94 son caractère provisoire pour s'adapter à la nature

665 2211 1973 103 deu populations urbaines. Il ne pouvait être question

668 2314 1970 92 en effet. <...> de l'abaudonner à un seul poupe de la

671 2415 1964 86 bourgeoisie au détriment de tous les autres. <...>

668 2504 1967 103 <......... . .. .. .. ......> Il ne pou¬

671 2604 1964 106 nait durer qu'à la condition <........> de ne

688 2698 1930 106 point exclière du pouvoir la classedes marchands et

688 2793 1941 97 celle des artisans des petits métiers. Aussi voit-on

673 2882 1971 117 se constituer presque partout, un système de gouverne

676 2979 1953 109 ment urbains divisant en "membres " la masre des

676 3074 1982 111 tabitants et attribuant à chaven de ces membres <..>

705 3180 1924 129 part <...> d'interveition dans les effaires de la com¬

215 1240 91 186 26

685 3160 66 80 sa

2509 45 106 72 146
