2713 3523
2210 26 109 50 en

551 26 2132 129 pressants de la population marchande lui c.e abandonne

546 120 2122 120 désormais le son. C’Est lui qui leve les impôts, pour¬

540 217 2131 108 voit aux travaux publics entratien de l’enceinte, pava¬

534 299 2114 126 ge des rues etc., exerce la tutelle des orphelius. A côté de

531 387 2117 115 ses attributions de pige qu'il tient du prince, il acquiert

531 478 2135 103 ainsi des attributions aduinistratives que la commune

528 554 2140 147 lii délèque, et il les acquiert par la force des choses et sans

863 663 76 82 ley

531 663 1500 126 pouvoir justifier par un titre légat.

578 757 2123 120 A vrai dire cette cbsorbtion de l’echevinage par la

528 857 2164 114 ville <.........e partont sans difficnl¬

960 842 572 71 'a pas eu lieu

528 948 2155 108 tés. L'évolution que nous venons de décure ne s'est ac¬

540 1048 2084 114 complie que dans les primipantés, laïques. Les évêques

528 1156 2117 106 et les prrissantes corporations eccbciastiques qui se

531 1241 2149 118 groupaient autour d’eux dans les cités (1) <...> se sont

2296 1297 293 74 ci conmprai

525 1341 2161 115 ehfoscés au contraire de l’empécher. A Liége, <...> Ureth

507 1450 2138 100 <....> l’évêque a lutté, avec des chancer diverses

531 1576 2140 79 pour... . .> urbains

816 1526 423 82 <....>

1271 1535 1121 62 maintenir es échevinages

519 1655 2138 83 sous  pouvoir exclusif. Nous connaissons déjà

810 1629 120 64 son

648 1708 288 82 motifs

522 1746 2123 109 les <.> de cette conduite et nous n'avons plus à y

513 1840 2161 103 revenir. Elle a en pour résultat d'obliger la bour¬

522 1946 2146 103 gevisie a instituer de son propre chef un conseil chargé

528 2040 2117 106 de gérer ses intérêt à côté du tribinal des prince et

507 2143 2103 102 souvent en opposition avec lui. Ce conseil, dont les

499 2240 2120 111 membres portent habituellement le nom de juréc

507 2336 2173 121 (jurati) ne tient ses pouvoirs que de la population untai¬

499 2433 2172 112 ne. Il est son mandataire, l'exécuteur de ses volontés: il ne

502 2530 2172 115 dépend que d'elle comme les échevins ne d'épendent que du

901 2601 244 94 est Gré

499 2627 2102 118 prince. Il <...>e pour empecter <> l’immixtion du

499 2724 2146 112 prince dans les affaires mumicipales. Dans une certaine

493 2833 2178 91 mesure ou peut le considérer comme un organisme révo¬

496 2921 2181 102 bstionnaire, et il est vatéressant d’observer à cet égard qui

2624 14 71 77 19

510 3047 2167 94 (1) a travers tout le moyen age le nous de cité a été réservéaux

490 3141 2184 76 seules villes épiscopales quelle qi’ait été d'ailleur leur impor¬

490 3208 2193 91 tance. Terouanne, qui ne fut jamais qu'un grs bourg, est une

496 3285 2181 97 cité, en revanche Gand, la ville la plus prissante de tont la

481 3361 2202 94 Bilyeque n’en est pas une. le me conformerai dans les paqu di¬

505 3426 1024 94 vantes à l'usage aulien
