2713 3467
548 49 1783 107 Depuis lors, les métsers dominèrent exclus : ve

534 153 2072 95 ment dans sa constitution muui cipale. <.....>

540 231 2042 115 <......> Seuls jouirent des droits politiquer ceux qui

525 317 2060 101 se tirent inscrire sur leurs "costrolas. Le conseil reoité dans

1496 291 153 67 rôles

534 392 2086 116 leurs rangs au lieu d’être comme jadis étu dans les vinaves,

531 485 2066 113 ne fut plus que l’instrument de leurs volontés. Toutes, les

540 574 2074 107 questions importoutes durent être soumises à la déibé¬

531 664 2060 101 ration des trente- deux métiers et tranctées, dans cha¬

537 759 2054 104 ceu d'eux par "réces" ousieulteo". Ce qui est .et remarqua¬

2019 719 211 75 eurtont

543 843 2045 107 ble <> dans cette organisation - la plus déiocratique

543 924 2039 121 que les Pays-Bas aient jamais come - c’est moins le pein¬

537 1016 2040 125 cipe du gouvernements direct que l'égalité absolue quoe

543 1094 2086 139 <...> qu'elle établit entre les trente-deux collèges <.>

528 1187 2052 130 dont elle reçoit l'impulsion. <.. Elle les place

540 1311 2014 101 tous sur le même rang et donne également une voix

534 1386 2077 113 à chaun s'entre eux. Pour compsendre <...> une ré́parti¬

531 1493 2069 101 tion se somp liste du pouvoir, il onffit de se rappeler ce

540 1583 2031 107 que nous avons dit plus taut de la situation économé¬

540 1669 2063 119 que au sociale de la <...> de Liège. Dans cette ville où aucune

1245 1658 150 63 cité

1892 1632 488 78 de petite bourgéoisie

1938 1736 610 104 foutes les corporations

528 1776 1901 107 industrie n'exerçait la prépondérance <....>

528 1872 2057 98 revendigùrent et obtuisent des droits identiques. C se¬

522 1955 1977 102 rait une grâve erreur que d'attribuer cet égalitarisme

517 2051 2071 95 simpliste à un pretendu sentiment denocratique wallon¬

907 2022 335 66 Pavrec Michelet

525 2149 2063 90 <.> Il s'explique tout simplement par <.........>

2161 2126 413 63 les <...os te>

522 2250 2063 96 <.> mi lieu. Et cela est si vrai qu’on le retrouve avec hous

728 2227 80 72 du

517 2348 2071 99 tes traits essentiels dans une autre ville épiscopale, à Uhrehl,

522 2458 2026 93 différente de Liège par la nationalité de ses habitants, mais

522 2542 2063 75 les ressemblant de très prs par sa constituton sociale. Là

517 2632 2071 98 aussi les métiers dominent le gouvernement municipat

522 2736 2052 69 et leurs ondermannen siègent dans le conseil dont ils déri¬

528 2811 2054 107 guent les membres. <. ..> Il est <.....> d'ailleurs que la

1883 2785 174 63 ctoir

517 2897 2063 110 participation égale de tous à̀ la chose publique sédeloppa rapiole¬

511 2993 2095 101 ment, au sein du peuple, à Uiecht comme à̀ Liège, un esprit dé¬

522 3097 2069 95 mocratique qui, dans la seconde de ces d'eux villes surtont

517 3180 2063 107 surveint long temps au moyen âge. Le sentiment de l'éga¬

514 3273 2063 110 lité politique <.... ....... ..> est peut-être le plus vivace de

2398 37 130 113 13)
