2713 3459
547 40 1811 89 Elles arborent sur leurs beffois la banière

2410 37 121 104 11)

547 144 1975 92 flurdelisée et desormais, leurs magistrats se

530 236 2018 81 seutant invivlables birarent andaciensement

533 308 2018 101 l'autorité comtale et la colère impuissante des

547 403 2042 104 gens de métier. <... .. . . .  ....>

542 495 2032 104 <.. .> Le roi qui, en France, supprime les pri¬

518 590 1998 98 vilèges des commmnes, se fait, en Flandre, par calcul

516 680 2070 101 politique, le dejemeur de l'’autonoine mumicipale

521 760 2062 101 si tautement revendiquée par les échevinages patriciens

524 841 2024 113 Uniquement préocmpés d. .> intérêts du

524 925 2111 118 moment ceux ci ne voient point qu'il ne >

521 1008 2016 124 <.... . .> sontient que pour abattre le

524 1118 2030 98 comte, ils ne comprennent pas que l'absolutisce dont

536 1204 2050 107 ils secondent les effoits contre leur prince est, en principe

533 1291 1165 98 leur plus danger eux ennemi.

567 1363 2001 127 L'allianme de Pbrlipje le Bel avec le patréciat souleva¬

533 1458 2021 112 au sein du commue " une esaipération dautant plus

530 1553 2030 115 vidlente que le moment <..> avait semblé plus

533 1645 2035 127 proche de la chute du régime olégarchi que. l'interven¬

536 1717 2009 130 tion de l’étranger raffermissait sa prépondérae

530 1801 2044 121 chancelante d'un gouvernement usé et détesté. Les haines

530 1899 2050 121 qu'il avait soulevées contre lui se loubl̀rent désormais

527 1983 2024 118 ele haines égales contre la France sa sauvegarde. <..>

1940 2049 331 66 lx vroice

530 2084 1998 103 <..........> Les partisanm de, <.. ..>

539 2173 305 72 paisèrent

521 2167 2042 127 <...> d’econnais < . .. ... .......>

1164 2141 1272 92 pour les ad versaires d'éclarés de la déus cratie

1980 2242 159 64 Aux

2274 2228 257 72 du peuple

521 2259 2062 130 <.....>. Les fleues de bys ne furent plus <.> yeux que l'eu¬

524 2366 2018 112 blème de l’appression, et il donna aux patriciens ce so¬

516 2453 2064 123 briquet de Leliaerts (gens des fleurs de lys) qu’ils ne devasont

524 2545 2050 129 plus cesser de porter. L'influence française qui jusqu'alors d’é¬

518 2637 2045 115 tait si largement infiltrée dans la civilisation flamande

527 2729 2021 107 <.......> vit depuis lors se dresser contre elle l’hosti¬

533 2798 2021 130 lité populaire. Lous l’action de la lutte que se livraient

521 2899 2010 116 dans l'encente des villes le parti des riches, et le parti des

1750 2968 363 70 Chér ce derrvier

518 3000 2010 113 pauvres se dégagea rapidement une torte de consssence

513 3064 2035 135 nationale. Le "commun" perit comme emblème la hou¬

513 3156 2021 132 nière comtale. Les Claueaerts (1) s’opposèrent aux Leliaerts

504 3306 1900 132 (1) Gens de la griffe, à cause des gruffes du lion de Flandre
