2713 3445
525 60 2121 123 moyen age. Pous reuverser celle-ci, nèes à une époque

2509 28 94 101 12

536 175 2099 112 où chaque ville constituait une entété polétique et

533 295 2111 95 economique indépendantes et suffisait d'une simple

531 378 2153 115 revolution locales. Pour eulever le pouvoir ce celles-le

522 485 2124 106 au contraire il ada. une perturbation fo¬

516 571 2145 135 tale de l'Etat, puisque l’Etat a absorbé les villes. Ausu

522 686 2139 126 les insurs ectrons urbaines des temps modernes

533 789 2079 126 serout elles en réalité non plus des insurrections

531 901 2124 112 contre le gouvernement de la commne mais des ni¬

525 1016 2139 109 surrections coutre le gouvernements national. Les ca¬

525 1122 2136 118 dres de la vie politique se sont élargis comme ceux de la

542 1217 2093 126 vie ecouomique. Quand la dénocratie marchera

533 1334 2113 110 de nouveau ce l'assant du pouvoir, <... ..>

533 1432 2062 103 <... ...> ses revendications, ses idées, ses

522 1533 2104 129 moyes de propagande et de combat ne rappelleront plus

525 1633 2030 126 en rou ceux de communiers de jadis. La chasse même

528 1725 2144 135 dont sortiront les nouveaux révobatronvaire <...>

528 1831 2127 129 <..> sera tout autre que celle qui a déchainé les revole

519 1929 2145 140 tions médicirales. Eutre celle ci et celle là̀ on peut <....>

2305 1926 333 89 constater

528 2032 2090 144 la même des proportion de forces et la même absence de

548 2127 2064 152 filiation qu'eutre les capitalistes du moyen age et ceux

542 2242 1688 120 que la Rénaifance a suscités à leur place.

577 2509 1438 123 <.... ... .......>

714 2586 359 78 couxerement

585 2641 2079 109 Le <.> e invcratique <... .. .. .......>

1857 2592 589 95 s'est maintenre

525 2735 2110 121 beaucoup plus longtemps a Liége que dans les autres villes

531 2822 2161 155 des Pays-Bas. Il n y a spara définitivement qu'à l'ex¬

531 2922 2130 144 trême fon du XVIIe siècle. Mais, <..> les raisos de <.....>

533 3045 2128 115 que durée putifient précisement ce que nous avons

533 3146 2131 115 dit des matifs de La <....> dans le reste du pays¬

554 3241 2150 137 C'est <......> parce que les causes qui amenérent ailleurs

2477 2939 118 66 10.

1458 3120 224 75 chute,
