2713 3420
556 54 2051 94 <........ ...> prement hardimients la

2473 19 134 75 45

544 142 2029 94 direction de la democratie rubaine. Ils ont compres que

550 253 1997 86 la seule chance qu'ils aient encored arracher au roi

556 327 2071 86 leur herchage, c'est de condiure au combat, et <...>

553 410 2060 100 d'élechriser par leur présence, les <.> tisserands et

550 495 2020 97 les foulons qu’a mis tebout la voix de le coninc. Leur

556 584 2060 91 présence soulève partont une joée délérante et sou la

547 672 2071 97 conduite de ces élégants chevaliers dcvés à la fraucaise et

539 763 2068 94 ne parlant que l français, les robustes leataillons pla¬

539 857 2042 100 mands atarchent à la rencontre de l’ennemi: <.>

561 946 711 91 <.... .....>

653 1028 1945 86 <.> Ils le rencontrèrent sous les murs de Courtrai

2093 960 528 85 (

547 1117 2088 94 et, après une lutte acharnée, leur armée improrisée viit

550 1182 2031 106 a bout de la belle chévalerie de Robert d’Artois. Il serait

556 1285 2091 88 mpute sons doute de ne pas attribuer leur victaire pour

564 1368 2069 102 une bonne partie à <.....> l'avantage du

596 1462 2014 82 terrain, au talent des jeunes princes qui disposèrent

567 1519 365 74 les commenier

561 1550 2029 108 <... ... à l..p.> du général français

564 1647 2071 102 sûr de tailler en pièces, au premier choc la piétaille oasses

567 1747 2068 96 téméraire pour lui ténirtête. Mais la foée de

2276 1727 262 59 victoire

567 1855 2046 88 courtrai s’'explique sertout par des causes morales.

564 1952 2057 94 Les artisans flamands combattirent ce jour la comme

567 2040 2034 108 devaient le faise bien des siècles plus tard, les soldatis

567 2134 2023 117 de la Répubique. Ils savaient que du résultat de la

576 2237 2025 91 lutte d apendai <..> la chute ou le maintien du re¬

581 2337 2060 102 gine populaire, le retour ou la ruine de la domination

2036 2297 194 77 déficeitive

579 2436 2031 94 patricienne. Les passions sociales soulevées leur don¬

564 2525 2023 116 naient une force indomptable. Les Français leur

584 2641 1980 97 apparurent comme les autrichiens aux soldats de

590 2736 2023 108 Jemmapes, <...>: ils ne virent en eux que les alliés d'une

579 2824 2025 111 odieuse tyrannie. La noblesse, habitué́e à se mesurer

584 2929 2026 109 avec des troupes féodales, se sentit désorientée en pré¬

584 3015 2034 120 sence de la soite enrgie de la résistauce.. Elle vint

593 3120 2003 120 te beiser impuissante contre la barrière des piques

587 3237 793 97 et des "gpedendags..
