2713 3486
596 34 2035 125 annonce par ses tintements le commense

599 148 2026 96 ment de la besagne, beourt intervalle des

616 235 2012 125 repas et la fui de la journée. La pace est dutri¬

616 331 1966 116 buée le samedi soirelle doit être en argent

613 435 2004 114 siuvant les règlement municipaux, ce qui

613 537 2030 110 n'empêche pas les alus du Treck-Lystem de don¬

613 639 2018 113 ner lieu à ses plaintes réitérées. Ainsi les tis¬

607 740 2047 105 serands les foulons, et en général tous les groupes

610 830 2009 102 si varies de travailleurs occupés par la draperie

622 938 2021 93 forment une classe à part ou milieu des autres

619 1019 2000 108 artisans. On ne les reconnaît pas seulement à

622 1115 1963 108 leurs a orngles bleuss, mais à leur costenme et à

619 1208 2000 110 leurs inveurs. On les considère comme des êtres de

619 1304 2021 119 condition inferceure et on les traite come tels. Ils

619 1403 2041 110 dont indispensables, mais ou ne craint par d'êtres

622 1522 2035 107 dur a leur égard, car on sait que la place de curx

622 1629 2021 111 qui auront été ruinés par les amendes ou ex¬

607 1728 2004 125 prelsés par lex bamissements ne restera pas

616 1824 2024 136 longtemps vacante. Les bras s’offeut tonjours

625 1963 2021 99 aux employours en quantité saboudante.

630 2056 2024 96 Des masses d'ouvriers vont même cherches for¬

630 2167 2007 104 tino tors du pays; on en rencontre en France et

639 2262 1474 114 juqu'en Tburinge et en Autriche.

657 2379 1992 104 En un point, pourtant mais en un pout essen¬

619 2472 2021 107 trel, les travailleurs des industrées d’expor¬

628 2568 2009 104 tation dans les villes du moyen âve, se différercsient

628 2675 1980 87 ds ouvriers, des teemps modernes, Au lieu d'être

625 2765 2047 110 réunis dans de grands atcliers appartenant eux

630 2861 2007 107 patrous, ils se répartissent en une multitude de peli

636 2954 2001 113 uoroirs. Le maître tisserand, propriétaire un plus son¬

619 3056 1977 107 vent locataire dons ou d eux metiers eccupe quelques

622 3146 2000 130 compagnons (en général de un à trois) et un apprenti

628 3239 2006 113 c'est la maître qui recoit des marchands la matìre

630 3329 1981 122 première et le solaire qu'il distribue à̀ sn personnel

2494 20 140 75 92
