2713 3496
134 419 104 99 55

512 72 2061 99 tutions municipales, mains <.>"évoluées" se

507 163 2147 90 l on peut ainsi dire que celles de la Plandre nous per¬

507 268 2133 81 mettront de mieux comprendre, par contraste, toute

536 329 953 99 l'originalité de celles-ci¬

544 457 2119 79 Le toys de Liège est l'une des <> nombreuses priscepantis

498 527 2153 116 épiscopales constituées par les Empereurs au cours du X^e et

512 623 2128 108 de XIe siècle. Porme< de donations successives de comtis

507 731 2083 102 et de domaines, elane prisentipas cecte cohérence que

1168 699 85 75 àls

501 836 2150 96 l'or remarque dans, les purnipantés laïques ducs <..>

2526 809 131 70 aryx

509 935 2145 99 empiètements <..> d'une sbynastie puissante

1206 900 283 73 continués

498 1025 2153 96 rayonnans d'un point centrale. Si bogarrement décon¬

515 1115 2119 108 pl qu  doit cependant, <..> posséde dans la Meuse

888 1086 76 79 il

1596 1092 94 61 el

509 1206 2142 110 de Givet a Maesey ch <..> axe geograptique. Dès l'époque

1416 1182 137 67 n

509 1296 2145 114 carolingienne, maestricht, situé à l'’endroit où la vieille

492 1407 2156 102 rorte romaine de Colagne à Boulagne <.... .....>

2068 1360 496 79 frauchisaait

591 1488 67 64 I

507 1494 2153 119 <à fleuve (Trajectum ad Mosans) présentait une certane

509 1596 2099 87 activité commerciale. Beoucup plus haut eur le caurs

509 1715 2142 79 uperieur de <...> Aux et Dinant s'arlonèrent de

1022 1666 298 76 la rivière

518 1788 2139 99 fonne heure au travail des métaux. Entre celles-ci et celle

521 1879 2072 90 là Liège même - où se aubert avait transporté vers

550 1975 2107 113 706 le siège de l’evéchi ete Tongres ne fut pendant assez

512 2074 2110 116 longtemps qu’une boirgade insignifiante. des prélats

518 2173 2127 105 carolingiens pourtant se préompèrent de l’embellir at,

533 2260 2130 105 après la tourinente des ineursions normandes, leurs

512 2359 2131 105 succoseurs, grâce à la faveur persistante du impereurs

512 2447 2171 102 <......> reprirent evergiquement l’oicune commen

512 2520 2180 122 cée par eux. d'Etienne a Otbert (901 - 1119) la vi lle vit l'éle¬

512 2627 2148 88 ver concessivement autour de la cathésbrale et du palais

501 2723 2107 108 épiscopal, sept collégiate. deux grands monastères. Elle

1465 2706 64 79 et

509 2820 2160 87 s'entoura de murailles, un pout de pierres fut construit sur

501 2901 2162 99 la meuse. En même temps, la célibrile de ses écoles attire

515 2983 2130 131 à l'euvr de tous les point de l’Europe Occidentale, maîtres

507 3076 2168 114 et élives vers cette Athénés du Nord". Aux environs de l'an

501 3172 2118 114 mille, elle était certainement la première des cités des

518 3280 2145 102 Pays-Baset elle présentait aussi un caractère plus exelu¬

524 3356 2133 107 sissement clérical que celles-ci. La population marchande

1433 402 160 69 go>

2590 34 99 120 57
