2713 3438
544 8 1870 126 de ces lignager était égal eu nombre des éche¬

544 108 2054 109 vius et chacien d'eu disposait aiisi d'un triege

547 209 2094 103 dans l’échevinage. Ailleurs ecvre, des précautions très

547 309 2062 92 minutieuses étaient prises pour empécher les magis¬

550 392 2102 112 tratures urbaines et ête accaparées par ..> les

556 481 2093 109 ambitéeux ou les intrignants. A Tournai, <....> dans

2176 455 341 57 pinsi que

559 567 2090 100 beaucoup de villes flamandés, des élerteurs choisis, d'ail¬

539 664 2105 92 leurs en très petit nombres, dans les séverses parvisies de

564 742 2037 103 la ville avaient à nommer les échevins nouveaux.

536 833 2113 106 <....> ae sille <...> le terage au sort interve¬

536 916 2128 115 nait même, comme dans l'autiquité et dans pluins

542 1025 2119 109 villes italienes du Moyen âge pour la déig nation des ad¬

542 1105 2050 109 minis trateurs de la commume. Mais que l'on ent

542 1194 2107 126 recours à l'élection au au sort, <.... .. ..>

559 1300 2033 129 <.... .> le peuple restait également excbre du

559 1400 2088 118 pouvoir. En fait, depuis le commencement du XIII^e si é cle

556 1492 2096 126 au plus tard, les commune <... ..> n élé gi bles. Tout

1184 1472 166 92 geus Le

1631 1466 129 63 sont

564 1598 2077 112 d'abord, il ne le <...> si l'’on peut ainsé dire, que tacite¬

1233 1570 123 71 sont

564 1696 2085 108 ment. Les textes ne prononeent l'exclusion des magis¬

576 1796 2088 103 tratures mimicipales que contre les voleurs et les faux

562 1890 2087 101 monnayeurs. Mais la situation <..> ne tarde

576 1991 2048 97 pas à s'exprimer officiellement. A Bruges, en 1240

573 2088 2051 97 <.....> l'imposcibilité pour l’artisan

1818 2059 591 81 de déonoir élhéix

579 2188 2090 98 qui n'aura pas renoncé à son métier et acquis la

570 2271 2099 112 tause de Londres esnettement formulée. A blost

564 2380 2100 112 en 1276, un réglement écarte en propres termes de l'é¬

573 2481 1784 108 chevinage tout homme de avilain mestier".

645 2621 1950 83 le n'est pas seulement le camun peuple". cest

576 2710 2062 97 encore le prince territorial qui fut atteint par cette

576 2822 2082 77 main-mise du patrceet seur les magistratures urbos¬

570 2893 2065 115 nes. < Du jour, en effet, où <.....  ...> seule

573 2985 2045 103 la haute bourgeaisie fut admissi bele aux fonctions et

582 3079 2047 104 où, au Sein même de celle-ci, la désignation des éche¬

573 3185 2079 98 vins fût réservée à des électeurs ou s'effectua duiv ant

587 3277 2057 109 <.....> l'un ou l'autre des systèmes qui nous venons

2472 2 100 124 114
