2713 3471
2478 2 127 119 176

492 46 1885 115 nomie qu'elles out attribue à̀ leurs amerubrcs.

587 150 2033 130 Bre peut donc s’étonner du caractère tubulent des

515 251 2116 116 paules villes sous le régime démoiratique <.> ls exaltant

500 321 2120 141 a l'extrême la puissance des métiers, jadis combés sous le pa¬

492 410 2151 159 priciat, elles les ont en même temps rendue incapables s'en¬

474 506 2178 153 tente et de concorde. Chacem d'eutre eux n'a jamais pu s'affran¬

498 598 2142 182 chir d ses interits de'group Il a apposti à les défondre un hé¬

492 708 2113 142 roisme et un vigneur étonnantes, mais il a <..> été

489 795 2142 121 incapable de <....> les concilier avec le intérêts d'Au¬

495 890 2148 131 treé. <e <..... . .... . .....> le ont confondu, et ils

495 974 2122 148 ne pouvaient pas ne pas confondre, la liberté avec le

492 1073 2142 179 prioilège <..... ......... ..tiquoquel’esprit de corps

492 1183 2145 176 l'a <..p> emporté chez eux eur l'esprit politique. Et il

512 1284 2140 182 faut reconnaître enfin que lieu rares ont éti les ville

500 1394 2120 165 où le gouvernement <. .... ..> populaire

506 1506 2146 162 a <.> tenu la balance égale entre les metsers. bus

506 1602 2123 150 que tonjours, les greupes les plus puissants ont abusé de

509 1689 2122 185 leur force <... ... ....> liché la loiaux plus fas

509 1793 211 101 bles.
