2713 3474
512 34 2134 102 sien et la pls incienne ctarte en langue flamande

532 127 1474 107 provient de occhèves d'Andenaide.

593 222 2070 108 <..... .. .... . ...>

535 318 2079 107 <> L'indépendance mnicepal, si largement de ployée

535 405 2094 113 par le patriciat saus le domaine prèrement politique

526 512 2105 95 n'est pas moins hautement revendiquée par lui en

526 584 2097 125 <...> de l’Eglise. <... . . .. ..> D̀s la

642 570 165 66 faée

524 694 2122 93 fin du XIIe siècle, des conplit perpétuels mettent aux prèses les

529 778 2140 107 <... .. <....> avec les chapitres et les monas

703 758 284 75 régences

1207 749 385 73 communules

529 882 2137 108 tères <.> renfermés dans l'enceinte <.....>, vaire

1997 839 307 72 urbaine

2023 943 461 70 veau fulminer

526 981 2117 107 même avec l'évêque diocésain. On à <.. ....>

526 1076 2137 110 contre elles l'excommunication ou l’interdit, elles n'en

529 1169 2128 136 persistent pas moins dans leur attitude. Li elles cé¬

529 1270 2076 128 dent, ce n'est que pour revenirlientôt à la charge. Le

535 1383 2111 105 elergé reste-t-il infl ext ble, elles n'hésit aut pas à le con¬

529 1482 2134 95 traindre par la force à chanter la messe et à adminis¬

532 1560 2082 110 tres les dacrements. Pleine de respect pourla religion et

535 1664 2111 119 pour l'Eglise, la bourgerisie traite en revanche avec un sans

532 1754 2125 119 gène étonnant <...> son clergé local. A Liège, <.>

515 1861 2154 98 <.> elle vit avec lui dans un état de lutte perpétu elle

518 1957 2145 110 L'impôt communa de la fermeté"auquel les dercs

506 2067 2114 95 prétendent échapper en vertu de leurs franchises a¬

524 2142 2102 101 mêne une lonque suite d'émentes et de combats. Ail¬

518 2260 2131 79 leurs, on prétend <.> couvents d fermer <....>

1253 2229 353 75 absiger, les

2571 2194 75 101 les

500 2339 2134 121 Rcaves <.> où ils débitent, francs d’accises les

584 2420 180 81 crus

521 2457 2134 99 <.> de leurs vignobles ou le surplus de laurs provisions

524 2550 2119 90 de viu. La juridiction synodale n'est pas mones apre¬

521 2648 2119 108 meut combattue. Bruges, au XIIIe siècle toutient avec

512 2756 2099 92 une extraordinaire obatination un long et coniteux

524 2851 2148 104 procès à son tej et contre l’évêque de Tournai. Aueune

524 2961 2128 93 dépeuse n'est éparquée. <.> On d'emande a grands

518 3036 2148 113 frais de volunineux mémaises à des avocati paritiens¬

538 3219 2143 153 à foire passer les biêteaux d'ene bief de caval a un

529 3346 270 96 aetre.

2443 5 133 78 114
