2713 3505
549 75 2137 94 dum leur accorda le droit de tenir eux mêmes garn

537 151 2137 103 son à lavenir dans le châtean de la ville, et de ne se ren

549 236 2131 111 dre à son appel, en semps de guerre, que quense jours

564 332 2102 106 après que les liégeois auraiene eux-mêmes pris les ar¬

558 432 2105 105 mes. La charte qui fut dressée à cette occasion rati¬

555 508 2119 114 fiait de plus un certain nombre d’améiorations appor¬

555 595 2093 117 tées au droit contunier, mais que le chromiqueur Gilles

552 686 2105 108 d’Orsel"de crainte d’eumyer ses lesteurs"  cu bon

561 785 2093 100 d passer sous silence. Il nous on dit asser cependant

561 887 2108 109 pous que nous piissions considérer le document hutois comme

555 996 2093 99 une des plus aucennes ratifications dice que nom avons

561 1092 2096 102 cppeli plus haut le programme politique des bourgeoi¬

540 1182 2123 106 sies(1). Et. de cntre part, il caracterise excellemmant la

537 1291 2155 105 conduite d l'évêques en présence de ce prgramme. E offet, les

938 1247 85 73 Ses

549.0 1380.0 2126.0 99.0 concessions faites par Theoduin ne furent pas spontanées.

549 1460 2114 126 La ville dut les acheter a prix d'argent. Elle paye du ters

2151 1437 82 67 les

540 1556 2143 114 de sa mobilis substantia et rien ne montre mieux com¬

537 1653 2143 122 bien la fortune mobilière accunnalée par les marchands

537 1743 2149 129 interoint efficacement en faveur deu <..

537 1863 585 108 progrès social,

564 1939 2096 117 Faut,il attribuer, au seul hasard la conservation de

532 2047 2140 111 la charte <....> au s'explique-t.ell peut-être par le di¬

932 2027 450 73 de cheoduin

526 2146 2154 111 veloppement tres hâtif du commerce hutois ? Tout indique

552 2243 2122 111 du moins que la situation privilègiue de cette ville est plus

552 2330 2102 111 ancienne que celle de la capitale de l’évêche, moins active

2148 2298 339 70 ancoup

534 2427 2138 102 au point de vue économique. Mngis le mouvement commen¬

543 2520 2114 111 cé ne devait plus s'arrêter. Su commencement du XII^e siècle,

1505 2494 304 70 deprisle

537 2599 2114 111 il fallut de tous côtés céder aux revendications des bour¬

540 2722 2123 93 geois. La question urbain se pose decormais n face des évê¬

543 2798 1670 111 ques et exige impérieusement une solutson.

2581 14 120 96 60

549 2976 2087 149 (1) Il est fort intérissant de constater que la mentien

537 3069 2132 140 des burgeuses <..> dans le document de Huy est la

505 3163 2172 117 plus ancienne que l'on connaisse dans tout l’Empire. <......>

529 3242 2107 119 <> où ce mol s’est donc régandu par l'intermédiaire

537 3303 2135 149 de la Belgique qui de tenaitelle même de la France-Voy. plus

546 3414 293 82 haut, p
