2713 3526
496 85 2137 123 n'eu laissent pas moins chaque collige d'artisaus <...>

1507 73 53 65 A

499 202 2131 103 dans touuxis tence journalière n’une indépendance com¬

496 305 2099 106 plête. Les doyens, les jurés, les vinders des métiers au lien d'être

499 399 2152 124 désignés par le magistrat sont marctenant librement

490 502 2143 117 élers par les confrères et leur surveillance, voloutairement

505 608 1273 108 acceptée, n'en est qui plus efficace

593 722 2046 118 Elle est en mê̂me temps li en plus active et bien plus mé¬

505 808 2146 117 ticuleme. <............ ..> Désormais libre <....>

505 893 1969 153 <.......>, l'espeit corporatif se manifeste <....>

599 872 326 85 d'entraves

2372 902 196 129 dant

502 996 2146 164 toute sa plénitude et va jusqu’à ses dernières conséquences

493 1101 2125 141 <. ........> Maîtresse de l'admimistrer à

502 1210 2096 132 sa guise, la petite bourgeoiiie s'abandonne sans réserve

502 1310 1914 141 a ce protectionisme qui <. .. <>

1466 1281 1105 149 est la garantie de sou main licr

511 1395 2116 156 constamment ou la voit <.... .....> de la règle¬

1507 1398 735 85 resserrer les mailles

505 1477 2143 191 meutation industrielle, entourer de barrières plus haute

517 1586 2096 182 et plus solides le domaine oéservé à chaque profession

514 1674 2131 191 <.... ..> veiller avec plus de soin à bannir toute cou¬

517 1774 2137 182 currence du marché local. <. .... ... .......>

505 1874 2113 156 <..... ......> Le grand commerce, dont vivent les

526 1968 2116 153 patreciens lui inspère une défiance insurmontable. elle <.>

505 2056 2163 174 <... .> s'ingénie à échapper à ses atteintes. Ell. <.....>

508 2150 2128 156 <.......> Les tendances auti-espitalistes <.....> se dou¬

502 2250 2146 156 neut <..> libre carrière. Manifestement son but est

596 2312 59 91 8

505 2353 2134 132 de preserver à ses membres le monopole de toutes les indus¬

514 2435 2143 133 tries. Aussi cherch-t. elle à ccarter de la ville les étrangers, ou

517 2524 2146 152 du moins à les soumettre à ine coutrôle si sévère que leur

514 2629 2149 165 intervention ne puisse être dangereuse. C’est depuis les débuts

529 2717 2136 186 de l'époque demorratique que nousupparaissent, dans leur

520 2823 2125 179 entier seveloppement les caractères propres de l’ecobedaie

511 2923 2149 150 urbaine. Non seulanent les statuts industriels ne cessent

514 3017 2131 132 dû lors de se <....> multiplier <....> mais la légila¬

532 3114 2154 129 tion impose aux halles, aux courtiers, à tous les organismes

517 3202 2113 130 du trafic en grand, des pressriptions de plus es plus min

532 3311 2142 109 tienses <.... ... ......> et empreintes

529 3396 2169 103 d'une hostilité craintive. On s'ingénie à trouver un sys tème qui

2445 0 118 135 160
