2713 3454
1301 132 259 98 11)

665 270 1903 98 Si nous avons décril tout dabrd >

547 365 2010 107 le mouvement démonatique dans le Pays de liège ce

538 477 2039 95 n'est pas qu'il Xe soit diveloppé plus tâtivement qu en

547 578 2070 92 Flandre. <.> Nomavons en l'occasion de ois

544 670 2062 87 au contraire, qu'il a subi tres profondement, au commen¬

541 768 2030 83 cement du XIVe prècle l'influence <....>. Mais

1863 733 466 64 flamande

544 860 2073 107 les <...> phénoienes cuil présente au bord de la Men¬

529 972 2008 92 se cont beaucomp plus siup les que ceux auxpuls il

541 1053 2085 106 doiena naissance dans le bassin de l'Escaut. Ici, les for¬

544 1159 2076 107 ces eù lutte les nes contre les autres sont bien plus consisé¬

541 1280 2068 75 rables ln intérêts en jes lien plus important et <.....>

535 1364 2077 101 ..> le conflit se complique surtaut d'une grave quest on

541 1462 2059 106 de politique ertérieure qui a exercé sur ses péripéties

547 1565 1204 90 une influence pripondérante.

596 1652 2024 109 Depuis le règne de hilippe Auguste. Il a existé pour la

550 1752 2067 113 poltique francaise une question flamande. Un des buts

552 1853 2028 101 poursuinis par les rois avec le plus de pers évérance a

547 1934 2088 124 été la réunion <..> à la couronne du grand com¬

544 2049 2059 101 té qui comprenait les territoins sephentrionaux de l

532 2147 2042 80 monarchie et pouvait lui fournir une admer able

544 2230 2073 112 base d’opérations coutre l’Angliterre. La lotte commencie

541 2328 2085 118 ds le règne de Philippe d'Alsace () ne fut tout

544 2432 2048 112 d'abord qu'un <> de ces duele si fréquents au moyen

550 2527 2079 115 Age entre un suxerain et un grand vassal. Mais il de¬

547 2625 2068 118 vail venir un moment où les villes y servient entrai¬

538 2720 2079 135 nées. Elles avaient acquis, en effet, une trop grande puis¬

538 2829 2054 124 sance, et elles étaient trop intérosen <...> de leur

1969 2826 349 75 par buite

538 2935 2071 118 commerce, ar la politique de leurs priisces pour pouvoir

544 3033 2068 115 demeures timples spectatrices d'un conflit où leur

544 3134 2076 112 cause était engagée. Ce ne fut point d'ailleurs le seu¬

527 3235 2108 100 tiiment national, <..> seutiment inconu à la so¬

2439 23 112 135 139
