2713 3493
547 43 1886 114 terieur des baulieues. Pous se recenter du parts

550 154 2116 102 sans au dehorz les villes ont pernes en effet, à un certaine

564 241 2023 102 nombre de forains", orlisans agricoles, fermiers, qun dt la

567 334 2067 102 petite noblesse, de s'inscrivre sur leurs rôles et de participer

558 422 2070 113 a leurs francheses. Mais ce ne furent jemais là que fdes con¬

555 515 2050 102 cessions individuelles. Elles conféraient bien à̀ leurs béré¬

561 605 2058 99 ficiaires lévantage d’une sorte de droit d'exterritorialité

550 698 2110 93 en les plaçant sous la juridiction direche des échevinase

550 791 2069 96 urbains, elles entravèrent très notablement, surtout

555 902 2082 87 en Plandre et dens le pays de Liège, <............>

547 986 2093 96 le fonctionnement des seigneuries locales, mais si nom¬

553 1082 2104 88 bremes qu'elles aient été par endroits, elles ne s’étendlirent

555 1164 2088 96 jermais qu'a une minorité d'indivives et ne modifièrent

544 1254 2072 114 melle part l'état géuéral de la condition les personnes.

555 1353 2076 108 dien loin de chercher à <...> répandre large¬

555 1443 2079 102 ment leur droit et lems institutions paivi les gens de

550 1536 2087 102 campagnes, les villes s’en réservèrent plus jalocsement

553 1635 2125 105 le monopole a nesure que le regime populaire s'affermit

553 1726 2052 107 et se développa. Elles prétendisent même, nous la verrous

558 1830 2111 102 imposer au plet pays une domination très lourde, le taiter

553 1926 2081 108 en trget et le forces,  au besoin par la violence, à

547 2028 1115 88 se tairifier à leur avantage.

1839 2060 585 105 ls compagnes et)

573 2127 2096 108 Et il n'y a la rien d’étannent. Entre les vi Un <.........>

553 2252 2081 79 ne effet, a divergence des intérêts, des lesoins et de l

547 2334 2125 81 condition sociale randaient <> imposailele la commu¬

541 2407 2128 113 nauté de sentiments et des efforts. Elles feorent des l'origine

544 2506 2116 93 et elles rechèrent durant des siècles étrangères sinon hos¬

541 2593 2093 111 tiles les uner aux autres. Sa Plus riches, plus active, plus

538 2686 2125 122 entreprenantes et surteut mieux organisées, celles. ce s'empo¬

547 2779 2084 137 sèrent en général à celles-là et ce n'est qui du jour où les

550 2881 2098 122 proyresde la centralisation politiques funent assera¬

561 2966 2111 148 vanis pour permettre à l'Etat de les soumettre égale¬

547 3073 2139 131 ment à s volouté, que commenea à de'attenner un

550 3166 2113 137 contraste dont il tubiste <.> encore de nos jours

558 3257 1671 131 <....... ....> de nombreux vustiges

2451 34 125 114 194
