2713 3490
538 84 2128 122 e'un seul membre, c'est à dire d’une infime mins¬

541 191 2105 120 rité de la petite bourgeoisie, compromit la perception

535 282 766 101 de tout un impôt.

553 372 2087 134 Per sortis d'embarras, les jouvernautes aussilien que

535 479 2128 108 1'empereur avaient vainement ch erché à  sutstituer

532 558 2108 134 dans les assemblées urbaines, le note majoritaire au

529 645 2140 143 vrote à l'unanimité. Si incompatible que fût celui s

529 741 2117 131 avec le fonctionnement iormal de tout régume de¬

521 828 2069 131 libératif, les métiers avaient toujoeurs <..>

523 921 2128 131 fxigé son maintien comme une de leurs franchises les

521 1015 2151 151 plus précieumes. Rien d'étonnant, dans ces circonssance

512 1110 2154 143 si Charles Quint propita de la révolte de Gand pour sup¬

532 1198 2146 145 primer unétat de choses si défavorable à ses intérêts et

529 1294 2111 131 à l'administration finacière de l’Etat. La supprssion

529 1381 2073 160 des"mentes". de Gaud < .> lui

538 1480 2078 142 fourit une solution radciale. Desormais, les échevins

529 1567 2122 151 et les notables purent seuls appelés à donner leur cousente

526 1666 2096 142 ment a l'impôt et ce cioumentement était certain

532 1765 2114 139 d'avance, car les premien étaient nommés par les com

529 1852 2108 146 missaires du souverain et les seconds appartenaient

526 1942 2152 160 à la haute bourgeorél, classe soute dévonée au service

2270 1971 140 64 à son

617 2047 2069 154 Rinsé la sentence de 1740 <... ............>

529 2140 2067 160 achève l'incorporation de la ville à l’Etat et tratit

512 2236 2168 163 nettement les tendances de la politique monarchique. Ne

529 2341 2149 154 pouvant euleuer à ses fap Bas le droit de votar l'impôt¬

523 2431 2111 174 sans y pravoquer une révolte générale, l'empereur

532 2533 2131 165 tourne la diffécilté. Il en erve, par la nouvelle comli¬

535 2632 2090 160 tution qu’il lui donne, la première ville detlandre, e

553 2730 2098 166 celle dont la conduite <...> eutraine générale.

535 2829 2116 172 ment, dans cette province, les autres villes à sa suite¬

550 2925 2110 172 Il est évident que la constitution caroline formule

541 3059 2122 125 le regune qu'il noudrait vnoir applqué partout. Mais

538 3146 2131 149 il est caractéristique aussi qu'il ne l'ait pas général

535 3242 2148 134 té. <...> Malgré le incouveviants qui

538 3344 2151 122 en eultaient, les autres villes, ne lui ayant pas dovée¬

2529 49 122 81 212
