2713 3457
533 20 1906 138 lui, et ces questions il ne pourrait les résondre

2444 0 150 100 123

533 141 2096 109 sans <.> ruiner la prépondérance qu'il a acqui¬

533 236 2090 109 se. Mais seutant désormais, sa position meuacée, il ne

536 325 2067 121 cherche plus qu'à la défendre. Il s'appose obatinément aux

527 435 2090 83 moindres concessions. L'esprit novateur et pardi dont il e

539 527 2087 89 donné tant de preuver fait place à l'exclusiviome le plus

533 604 2102 101 etsait. Il se trans forne en un parti jalousements couserva¬

542 705 190 81 teus

556 789 2070 118 En vieillissant, d’ailleurs il perd sa vigneur et s’a son

553 881 2021 133 plesse première. <. .> Il lui arrève ce qui <...>

547 959 2065 141 <... .. .> arrive presque tujours aux corps privile¬

553 1054 2093 130 giès. Peu à peu, il charche à écartes de seun senn les hommer nou¬

544 1149 2117 132 veaux. Les lignages qui disposent des sièges échevinaux <......>

542 1253 2090 112 <...> ne veulent pas admettre d'intrus au partage. Il ne

530 1345 2110 112 tuffit, plus d'être riche pour avoir aces aux magistra¬

544 1446 2076 98 tures. Leurs détenteurs les considèrent comme une sorte de

539 1538 2096 104 bien de famille. La naissance l’emporte desornais aur

539 1644 2081 93 la condition sociale. De ploutoiratique qu'il avait été

553 1745 2079 101 tout 1'abord, le régime devient à la longue olégarchi¬

567 1840 2071 107 que. Les jaranties prises pour éviter le mal sont impuine¬

539 1930 945 118 ment foulées aux pieds.

542 2013 2113 127 (ille part la transformation qui s'opère ne nonappa¬

530 2117 2099 112 vait plus clairement que dans la ville de Gand. <.> L’echevi¬

521 2226 2102 107 noge y a passé, au cours du XIIe siècle, au pouvoir d'une

544 2310 2091 112 clique égoiste et arrogante. Le prinnope de l’armalité des

562 2422 2096 87 fonctions communales, respecté en apparence, est impuné¬

553 2500 2082 101 ment violé en pait. <..  ..... .>

553 2601 2064 95 <.... .. . .. ...> Un roulement s'est

539 2699 2090 89 introduit qui a pour résultat de maintenir le pouvoir

547 2794 2067 89 aux mains des mêmes individus. Chague année, tréère é¬

542 2877 2093 93 chevins nouveaux (echevins de la Keure) <... ...>

1963 2837 545 78 Vaitrent en chares

539 2958 2087 112 mais, à côti d'eux les treire échevins de l'annés précédente

616 3065 2010 98 echerus des parchous) et les treise échevins d'il y a deux au

418 3070 354 116 vacui jaques

536 3140 2047 106 Prestenl assocéés à l'administration. Ainsi se constitue

536 3226 2064 110 le fameux callège den XXXIX dans lequel, tous les trois ans les

556 3318 2102 104 mêmes hommes reparaissent aux mêmes places sous les mêmes
