2713 3438
619 37 1982 129 mêne. On n'arriva point à ce resultats sans <.>

628 154 1984 103 <..... ... . ...> beaucaup de peines et de conflits

642 232 1944 111 Dêne part, les ouvriers de la laine ne se larssèsent

639 338 1987 91 point déposséder sans résistance ; de l'autre, les pa¬

633 421 1962 109 trciens revendiquaient leurs anciennes peérogati¬

642 521 1936 80 ves etils parourent même c et là, comme à Gand

636 601 1968 109 en 1319, à les remperer pourquelque temps. Mais en

625 701 1981 104 dépit de différences locales très nombreses, le régi¬

625 802 1938 83 me démocratique érolua dans son emembhe vers

625 893 1936 101 le système de la reprusentatioe des intérêts- le seul

653 988 1905 115 qui fut arupatible avec la constitiction sociale des

653 1100 1182 86 villes <..> industrielles.

694 1209 1910 103 <...> mais ce systhème ne devait

668 1300 1961 106 pas mettre fin  période des troubles civils. Lils

671 1403 1961 115 petit métiers et les marchands l’acceptèrent, ceux. la

659 1506 1959 109 avec enthousiosme, ceuxci avec résignation, les tra¬

668 1598 1950 126 vasebleurs salariés n'y trouvèrent point la réalisa¬

673 1704 1948 123 tion de leurs <.. Ils avaient espéré, de la réviolution

1138 1684 181 63 dissers

668 1813 1941 115 democratique, un changement compl et et radieat

673 1905 1962 109 de leur situation. <..> Ils n’avaient pris les armes et un

665 2011 1967 109 battu partout au premier rang que pour <...>

679 2102 1968 118 s’affranctie du joug de leurs employeurs, arriver à l'us

691 2194 1956 106 sipendance économique, <..> sortir de la condition

688 2294 1981 106 précaire où les réduisait leur profession, Bon nombre d'entre

685 2389 1964 94 eux s'abardonnaient à des rèves confres d'égelité sociale

691 2481 1956 106 <....... <..... ....> à̀ la fois tonchants et re¬

1548 2446 172 80 rèves

676 2581 1976 92 doutables <...> où leur apparaissait l’irréalisable idéal

688 2684 1970 89 de la justice absolue et de la fraternité de tous les hommes

682 2781 1942 95 Beaucoup peusaient que "cesteuus devroit avoir autant

685 2873 1982 118 li uus que li autres" et pourtant <...... .....>

676 2968 1982 91 <.> la révolution démocratique navait suppri¬

685 3048 1936 100 mé ni la richesse ni la misère. Elle avait en beau

694 3145 1958 103 rouverser les échevinages patriciens, <......>r les gildes

2139 3131 189 63 abolir

702 3225 1970 104 détruire la hause de Londres, elle n'avait pas amélioré

2483 2 126 83 14)
