2713 3469
535 40 2079 110 saug nouveau. Car les lignages dont il se compo¬

540 141 2071 87 sait ne s'adonnaient point, comme ceux des villes

537 222 2031 90 marchandes, au commerce d'esportation. <...>

1258 283 110 92 qui

546 317 2051 110 < Les Lombards, s’étaient répandus dans la Pay¬

540 422 2051 95 Bas, depuis le milieu du XIII^e siecle et y avaient bain¬

546 508 2048 101 tôt mompolisé le commerce de l’argent, avaient

572 592 2005 110 tari la plus abondante de sources de leur fortune.

537 679 2042 124 Ils ne consistaient plus guère qu'en un groupe peu

537 771 2068 125 nombieux de peopriéties fonciers, de plus en plus porte

555 867 2056 110 à se detourner des affaires mmiicipales pour selu

549 968 2030 104 s'absorber dans la petite noblesse. <......>

552 1066 2013 104 Commerel une classe si lamentablement affaibbé

552 1153 2080 118 ent-elle pu tenir egale la balance des partis ?. Elle <...>

552 1257 2071 119 Lomprit tout de suite que son influence était perdues

552 1350 1961 106 et ne cherche point à la recouvrer. Les métiers le

561 1442 2062 113 comprisent mieux encore. Dès 1331, ils s’agitaient de

552 1543 2039 110 nouveau et la rigueur que l'évêque deploya contre¬

564 1633 2039 124 eux <.....> n'eut pas de resultats plus durables que

549 1725 2085 119 la modération de l'année précédente. Les mécontent

549 1827 2077 130 ne désarmèrent paset, de guerre lasse, ils obtiurent

558 1916 1998 130 satesfaction den 1243. La lettre de Saint-Jacques

558 2029 2036 107 <.....> leur accorda presque tous les points de leur

555 2118 2065 113 programme. Elle déclara les "gouverneurne des mé¬

555 2208 2059 113 tiers adissibles au coineil, leur abandonna

543 2301 2051 130 l'élection des jurès des petits" et d'écida qu'il suf¬

561 2396 2018 113 firait à l'aveir de la réquête de d’eux ou trois

558 2486 2045 124 métiers pour obliger les "maîtres, à convoquer une as¬

569 2593 2019 118 semblée générale de la bourgeoisie. Après de telles

572 2668 2054 136 concessions, be <> partage égal des magistration

561 2772 2056 110 entr les patriciens et les artisans n’était plus qu'une

575 2861 2033 122 garantie illsoire. Le subsista pourtant pendant

555 2963 2036 109 nu quarantance d'anées encore, Mais,; en 138, les

546 3067 2051 107 lignages dont la décadeure n'avait cessé de s’reren¬

595 3168 2060 113 tues y renomèrent <...... .. <....>

569 3266 1993 81 <..  ..> voloutairement...

2470 5 130 93 136
