2713 3482
816 14 955 102 ne s'y confondaient pas donc

604 75 2042 107 Mes <......  .. .> anomyme. Cha¬

1803 20 355 96 uue foule

612 162 2063 102 ue d'eux apparaissait en pleme lenière avec ses pas¬

621 237 2016 117 tions et ses intérets <.> els. La politique n’avait

1443 217 372 70 <......>

612 336 2066 90 rien d'abstait et de théorique. On ne combattait pas <..>

621 420 2045 105 seulement pour des programmes : les adversaires se

621 519 2045 96 rencontraient face à faceet marchaient l'un contre

630 603 2077 105 l'outre en ennemis. <. <.. ... ...>

633 699 2027 104 <.... ...... .. .. .... .....> Les con¬

627 797 2030 99 victions politiques, attisees par les autipathies privées

630 890 2033 113 s'eraspéraient facilement d’s lors jusqu'à la feroi¬

630 969 154 104 té.

641 1067 2008 111 mais on comprend aussi tout ce qu’une telle

639 1175 2030 95 situation devait déposer ou fnl des ames, d’énergie

633 1259 2042 113 et de vigueur. <..  .. . veille et

624 1372 2033 96 ipie par son roisun, le bourgeois du Moyenâge seul gran¬

633 1456 2039 96 dir en lui le seutument de la déquité <..> et de

618 1558 2048 87 la responsabilité personnelle. Baque homme <..>

633 1648 2045 95 <...... ... .> prend conrience de se

633 1738 2016 98 valeur propre, S'il est sous pitié pour l'adrlasaire

636 1842 2016 90 au monent de la lutte, dl saura ausée, quand les

639 1923 2018 122 intérêts de la ville seront en jeu, faire son devoir pu¬

647 2031 2007 110 qu'au bont et au besoin lui sacrifier d <..>. Conm

2291 2005 102 78 vie.

644 2129 1990 125 parables à nos petites viles modences par le chiffre

647 2225 2039 131 de leur propulation, les comunes médiévales rappel¬

641 2335 2040 114 lent  les cetés antigues. <.......  ....>

862 2298 456 81 pai lutr évergie

624 2419 2048 117 <.. Elles contraiter de la manière le plus éclatante

641 2530 2037 104 avec nos bourgs provincéaux, engoerdis dans la mo¬

636 2617 2033 122 notonie d'une existence que l’Etat suffit à garantir

641 2718 2013 125 et qui n'éexigent acun effort de leursbabitant. C'est

659 2826 2013 119 que choume d'elles ne p ent compter que sur soi pour

653 2919 2013 127 se défendre et pour vivre. Tous les servires que remplis

647 3017 2031 122 aujourdhiun le puissace publique : ravitailtement

650 3110 2002 119 circulation, fortification, det faut qu'elles s'en acquit¬

1574 3093 90 69 de

656 3200 2013 134 teul elles mêmes et au moyen de leure propres resson¬

659 3299 1987 142 ces. Leur maintien exige une tension contnuelle

2425 2 180 82 105
