2713 3485
554 63 2086 93 monarchie, on <....> la constitution abolie par chaies¬

1092 20 406 75 en revient à

548 145 2051 122 Quints en 15 40 et l'on remet en vigneur tous les anciens

540 241 2085 119 pricslèges. Comme au moyen âge, la commune est de nouveau

531 336 2123 119 repartie en trois membres,; a collace <.> les métiers

1597 296 357 81 où assemble

543 432 2120 116 rentrent en possusion le leurs drvits politiques, tandés qu'à

548 537 2109 99 l'extérieur les potites villes et les villages de la châtellemé

548 624 2092 113 repassent sons le pouvoir des Gautres. Mais ce n'est

551 717 2063 113 là qu'une restauration archéologique. <..> Les

543 821 2071 99 vieilles istitutions ne sont plus en état de foictionner

551 914 2083 111 <.  ...... ..  ..> ne repondent plus à

1333 885 456 76 parce qu’elles

546 1022 2082 96 l'états actuel de la population. Non seulement la reime

557 1112 2095 93 complète de la droperie condanme le "membre" des tis¬

551 1202 2118 90 serands à ne peuir que d'une existence illessoire, mais

543 1286 2094 84 l'introduction d'industres nouvelles et le dépériste.

543 1370 2088 96 ment d'inderstrées anciennes <....>

554 1463 2100 96 <....> sont incompatibles avec < > le retour

554 1553 2071 99 aux cinquaute seux métiers traditionnels. Tout cela

560 1655 2060 104 d'ailleurs importe peu. Au fonds, perconne ne tonge à

551 1754 2103 104 ressusciter l’antique organisme mumicipal. On ne le ré¬

557 1841 2089 119 tablit que pour là forme : la réalité qu’il recouvre n'a plus

551 1948 2121 96 rien de comme avec lui. En fait, ce ne sont ni les métsers

546 2059 2117 95 ni la collace qui gouvernent : c'est un fouseil militaire

537 2160 2126 90 vone sorte de comité de salut public où sègent des <...>

2134 2120 532 66 meneurscaloinistes

548 2256 2118 102 et des colonnels. Le régime imposé à la ville est purement

548 2343 2115 122 militaire. <.  .... ... .. ......>

560 2436 2065 128 <... .. > L'esprit qui l'amime n'a plus rien de com¬

554 2532 2118 116 men avec l'ancien esprit memicipial. Lon but est le trione

557 2628 2048 122 phe absolu du calomisme et ce sont des r pasteurs qui

560 2724 2077 119 l'inspèrent et <..... ...  .. .. ...>

554 2819 2135 111 <....... <....  .. ... . .> échaoffent sans

554 2915 2068 93 relâche son fanatisme contre la majorité catholique.

566 3002 2094 102 De persénité le protestantisme sefait maintenant persé¬

551 3095 2132 102 cuteur. Il a la force grâce à quelques régiment et à l'adhésésn

540 3188 2074 99 du petit peuple et il en abuse. A Bruxelles, à auvers, les

551 3287 2098 96 mêmes circonstances <.> praduisent les memes ré¬
