2713 3461
516 34 1922 141 patriciat devait a la longue, comme touter les

2461 20 99 127 116

502 138 2107 104 oristocraties, aberser de ses <.> privilége, il e

507 227 2096 104 eu durant longtemps s'en montrer diqué. C'est un

516 331 2136 90 spectacle admirable quecelur qu'il a donné du miliens

522 423 2136 113 du XIIe siècle jusqu'à la fin du XIIIe par son intelligeuuce

505 522 2121 103 sa laborieuse activité, son aptitude aux affaires. Il

507 625 2148 90 s'est d evoue à la chose jiblique avec une dévoue¬

522 703 2118 104 ment qui commande le respect. On peut dire que

531 793 2104 101 la civilication urbaine à pris sou sou gouverne¬

533 888 2128 107 ment <....> les traits principaux qui dévaient la di¬

533 983 2130 112 tinguer jusqu’au bout. Il a créé de toutes pières l'ad¬

528 1084 2144 92 ministration mumicipsale <..> la révolution démo¬

1740 1052 130 81 que

531 1176 2132 110 cratiqué <...> reuver  au X18 e siècle a nes¬

886 1139 805 98 par laquelle àt sergait être

548 1266 2084 118 pechée <....>. C'est lui qui a donné, aux divers

545 1384 2049 89 services publés indispemables au maintien de la

557 1491 2083 83 commune, leur forme définitive. Le plus important

565 1574 2041 104 de tous, le régime finaucier, est son vœuvre propre

568 1669 2098 104 et rend hautement témoignage de ses talents. Non

554 1773 2066 98 seulement il a <....> dès le XIIe siècle, lui système

1232 1736 199 78 ctabli.

568 1877 2093 104 d'impôts directs, <..> il y a joint tout un ensemble

1261 1842 441 67 nor soulement

568 1984 2095 104 d'acceses frappées sur les denrées alémentaires et les

585 2088 2084 89 principaux objets de conmommations, mais il  encore

583 2137 219 78 insfitué

571 2180 2101 98 <> le crédit urbaine reposant sur la vente des rentes

577 2275 2049 101 viagères. L'organisation des halles, et des marché́s

580 2388 2078 98 a été <.> par lin dans les moindres dé¬

992 2353 231 69 réglée

574 2491 2095 104 tails. Il a su trouver les recsources nécessaires pour

574 2592 2078 101 élever autour des villes de solides murailles, pour

577 2711 2092 115 entreprendre de pavage des rues, yamener <.....>

1977 2670 144 90 pour

577 2812 2084 106 <...> l'eau potable des envirous (1), pour cons¬

585 2915 2076 107 truire des entrepôts, des quais, des cibeses, des pouts

588 3022 2035 92 et toutes les installations nécessaires en commerce

597 3106 2058 112 de l'époque. Car la prospérité commerciale a été evidem¬

603 3253 2072 153 (1) Je songe ici à l’étang de Diekebusch près dIypreserene

617 3394 381 64 au XIIIe siècle
