2713 3549
571 79 2062 116 prétendit nom mer loi-même les magistrats muo¬

571 198 2023 97 cepaux. Dans son radicalisme autoritaire et niveleeus, il

562 286 2109 122 ent même un instant l'idée de substituer à Liège, à la vieille

565 384 2091 118 contume locale, la rigneur savantre du droit romain. Des

573 496 2042 119 pote par caractère, il le fut davantage encore par

568 585 2088 133 couviction. Il crut tincèrement que la toute preissance

562 677 2082 142 du souverain était la seule garantie de l'ordre et de

565 783 2050 136 cette jutice implacable, mais égale pour tous, qu’il

576 872 2071 154 prétendit faire rigner dans des Etats. Mais il en fut de

556 975 2103 154 son gouvernement intene comme de sa politique

562 1079 2094 142 extérieure. L'orgneil et l'obstination iisemée qui firent

571 1180 2070 142 ti lamentablement échoner celle-cicausèrent égale¬

565 1292 2065 145 meut la chule de celle-là. La catastrophe des Teméraire de¬

568 1384 2094 165 vant les murs de Mancx (1477) donva dans les Pay-Bas

576 1475 2101 181 le signal d'une réaction particulariste qui faillit reuiner

571 1576 1180 133 l'Etat crée par Philpipe le Bou¬

662 1679 1938 172 Plur le despotisme ducal avait régoureusement

588 1777 2059 169 justifie par le "droit commerne" ses intolérables empiète

568 1863 2118 207 ment, <..> pluson se rejita vers les privilèges. Touter les grandes

571 1957 2097 199 communes s'empessèrent de mettre à profit l'avéantés

568 2061 2088 192 sement de l'armée ducale et le désarroi de leur jaune pren¬

571 2164 2065 196 cesse (1) pour retablir leurs frouchises et remettre en vigneur

565 2256 2079 216 leur anciens gonderuements. Partout les métiers couru¬

565 2380 2065 184 ront aux armes et la vrocratie urbaine se reconsti¬

576 2457 2095 213 tua telle qu'elle avait existé au XIVe siècle. Mais don luu

585 2581 2071 178 ces ne dura qu'un instant. A peine restaurée elle dé¬

562 2661 2112 216 voila son <.> impuissance. Le particelarisme ur

565 2759 2106 204 bain dcehaina lientôt l.> rivalités de tous contre tous.

579 2868 2116 207 Les campagnes et les petètes villes retombies sous le jaug des

594 2981 2071 153 grandes commuunes se d'clarèrent contre elles. <........>

576 3061 2095 174 <.....> Bruges et Gand soulevèrent l'opposétion d'Au¬

594 3137 2089 184 vers dout leur protectionnisme menaçait les progrés et qui

2473 29 148 107 11

591 3279 2062 190 1) Charles ne laissait comme hérilière que de fille Marie le

582 3404 1122 94 Bourgogue alors agie de aro
