2713 3489
2506 31 113 82 210

561 66 2085 117 et que les maisons et l'argenterie des métiers

555 165 1579 108 étoient vendus à ..> l'encan.

726 250 114 87 des

575 276 2085 119 te rigneer avec laquelle chailes Quint traita cette ville

555 372 2108 122 de Gand où il était cré et à laquelle, il avait téenoriqué

572 468 2056 116 jesqu'alors une bieuveillance exceptionnelle ne s'ex¬

561 546 2082 116 plique par seulement par sa volonté bieu arretée eles

561 633 2076 114 <..... <....> d’affriner net¬

549 726 2070 111 tement sa souveraineté en face des boingerities deb

555 814 2102 107 Pays-Bas. La concessiore caroline est beancoup moins les

546 921 2114 122 vengeance d'un potentat qu'un véritable programme

546 1032 2068 116 de gouvernoment. Ie faut la considèrer comme une

543 1128 2117 113 une vœuvre lonquement méditée et où s'exprime la poli¬

537 1221 2114 125 tique moderne de l'Etat en face des grandes commu.

532 1322 2047 123 nes. Elle se propose un double but. Ce qu’elle veut tout

543 1424 2126 114 dr'abord, C'est <..> sacréfier l'exclusioisme urbain

537 1523 2135 119 <.....> et le protectionnisme des métiers à la liberté

549 1631 2102 122 économique et au commerce capitaliste. Un conteur¬

537 1744 2056 105 porain remarque que "les marchans qui toujoars

546 1823 2094 127 désirent liberter pour faire leurs marchandises ne

543 1924 2120 122 vouloient houtes, fréquenter ne habiter Gand", à cause

537 2023 2114 119 des franchises excessives de ses bourgeois. Ils viurent de¬

535 2139 2055 131 tormais s'y fixer en grand nombre et y fondèrent de

537 2235 2117 114 puissantes maisons. L'industrie, litérée de la tu¬

520 2328 2146 143 telle des corporations privileqiées, se développa lorgement

535 2424 2128 163 La ville devints le grand marché des toiles flamandes

532 2535 2125 139 et loraque le canal de Tern euz en commencé en

520 2640 2123 122 1547 lui eût donné un debouché sur la mer, elle

535 2744 2116 134 conmneut une ère nouvelle de prospérité qui alla gran¬

537 2840 2126 160 dissant jusqu’aux troubles du règne de Philppe II et

532 2956 2087 131 qui finit même par imquicter Auvers. En 1565(, Gui¬

523 3047 2114 139 chardin la comparait à la plus riche des cités éta¬

529 3143 2134 133 liennes de son temps, c’'est à dire à milan elle avail

532 3256 2108 116 cessé d'être une comunce médiévale pour deveni

532 3346 881 102 une ville moderue.
