2713 3471
593 37 1963 101 Elles s’ouvrisent certainement au début à̀ tous ceux

593 135 2021 105 qu’attirait le trancit <..> régiaval. Plus la

587 234 2056 107 cerculation au d'ehors atait périlleuse, plus les"confrérese

2003 199 90 75 et

584 344 2073 84 éprouvaient le besoin de ne s’aventurer à l'étranger

587 407 2085 113 qu'en bandes nombreuses. D'ailleurs l’égalité primi

581 494 2088 116 tive de leurs conditions les <....> à s'associer facilement

1592 471 298 69 disposait

576 587 2067 112 les uns aux autres <.. .. ... .......> dans leurs

584 685 2068 116 courses vayaboudes à̀ la recherche de la fortune. Mais

593 783 2009 122 quand la securité sur les grands chemins se fut

596 876 2033 121 genéralisée et trurtont quand l'inégolité des chances

581 963 2053 136 et des aphituies eût introduit parmi les marchands

590 1081 2044 113 l'inégalité des fortunes, confinant les uus dans la

596 1174 2044 113 clasée des détaillants <> des artisans et rèservant aux

593 1272 2041 104 autres des vastes entrepèses, la situation changea

596 1368 2033 118 du tout au tout. Dès la fin du XIIe si é cle les shetut

590 1478 2059 112 de la Hanse de Londres nous montrent que les gildles

596 1587 2061 108 du villes flamandes ne sont plus que deassociations

596 1689 2059 101 de grands marchands adonnés au commerce loin¬

596 1790 2035 101 tain avec l'Auglitere et avec l Allemague. Elles ne

593 1903 2030 98 reçoivent plus comme membas que des trafiquants

590 2001 2056 113 en gros. Pour y entrer, il faut payer une redétance

587 2105 2062 81 d'n mare d'or c'est  dire une somme <....>

2298 2068 290 69 introuvable

584 2198 2030 118 pour les petites jaus. Elles excluent de leurs rangs les

587 2299 2068 110 <.> boutiquiers " qui pèrent de trovnel" et les

587 2406 2073 98 travailleurs mannels à qui onts les angles blus a n

596 2502 2059 104 artisan euriché veut-il s'y foire recevoir, il doits

593 2606 2073 89 "abjurer" son métier, sortir de sa classe, <..>

590 2710 2056 101 rompre avec ses compagnons. Arnsé, des cette époque

590 2820 2073 95 la gilde n'est plus qu'une corporation de grands mar¬

602 2901 2029 104 chands. Elle renferume à la fois les éléments les plus

590 2996 2059 110 riches, les plus entreprenants, les plus actifs de la bane

631 3094 2024 122 gevisie. Ceux de hi frerci que les catastrophes du commes

605 3190 2064 116 ce ont ruinés tont lientôt remplacés par des hommes

593 3282 2091 116 nouveaux sortes des rangs enférieurs de la <.>

2267 3366 356 76 bourgerisie

2516 11 110 107 119
