<?xml version="1.0" encoding="UTF-8"?>
<alto xmlns:xsi="http://www.w3.org/2001/XMLSchema-instance"
      xmlns="http://www.loc.gov/standards/alto/ns-v4#"
      xsi:schemaLocation="http://www.loc.gov/standards/alto/ns-v4# http://www.loc.gov/standards/alto/v4/alto-4-2.xsd">
  <Description>
    <MeasurementUnit>pixel</MeasurementUnit>
    <sourceImageInformation>
      <fileName>ARCH-DIV-000494_0233.png</fileName>
      <fileIdentifier>mets//export_doc14_arch_div_000494_alto_202506020830.zip/ARCH-DIV-000494_0233.png</fileIdentifier>
    </sourceImageInformation>
  </Description>
  <Tags>
    <OtherTag ID="BT1" LABEL="Title" DESCRIPTION="block type Title"/><OtherTag ID="BT2" LABEL="Main" DESCRIPTION="block type Main"/><OtherTag ID="BT3" LABEL="Commentary" DESCRIPTION="block type Commentary"/><OtherTag ID="BT4" LABEL="Illustration" DESCRIPTION="block type Illustration"/><OtherTag ID="BT57" LABEL="TitlePageZone" DESCRIPTION="block type TitlePageZone"/><OtherTag ID="BT58" LABEL="MarginTextZone" DESCRIPTION="block type MarginTextZone"/><OtherTag ID="BT59" LABEL="MainZone" DESCRIPTION="block type MainZone"/><OtherTag ID="BT60" LABEL="NumberingZone" DESCRIPTION="block type NumberingZone"/><OtherTag ID="BT61" LABEL="MarginTextZone:low" DESCRIPTION="block type MarginTextZone:low"/><OtherTag ID="BT62" LABEL="CustomZone:numbering" DESCRIPTION="block type CustomZone:numbering"/><OtherTag ID="BT77" LABEL="text" DESCRIPTION="block type text"/><OtherTag ID="BT78" LABEL="MarginTextZone:lower" DESCRIPTION="block type MarginTextZone:lower"/>
    <OtherTag ID="LT40" LABEL="HeadingLine" DESCRIPTION="line type HeadingLine"/><OtherTag ID="LT41" LABEL="DefaultLine" DESCRIPTION="line type DefaultLine"/><OtherTag ID="LT42" LABEL="InterlinearLine:correction" DESCRIPTION="line type InterlinearLine:correction"/><OtherTag ID="LT43" LABEL="InterlinearLine:addition" DESCRIPTION="line type InterlinearLine:addition"/><OtherTag ID="LT44" LABEL="default" DESCRIPTION="line type default"/>
  </Tags>
  <Layout>
    <Page WIDTH="2713"
          HEIGHT="3489"
          PHYSICAL_IMG_NR="228"
          ID="eSc_dummypage_">
      <PrintSpace HPOS="0"
                  VPOS="0"
                  WIDTH="2713"
                  HEIGHT="3489">
        <TextBlock HPOS="475.0"
                   VPOS="11.0"
                   WIDTH="2238.0"
                   HEIGHT="3425.0"
                   ID="3efdb660-2201-4c00-b5dd-99283f3cda36"
                   TAGREFS="BT59">
          <Shape><Polygon POINTS="2513 99 2713 96 2713 3436 475 3436 475 11 2510 11"/></Shape>
          <TextLine ID="eSc_line_422b911a"
                    TAGREFS="LT41"
                    BASELINE="543 136 2631 130" 
                    HPOS="537"
                    VPOS="84"
                    WIDTH="2091"
                    HEIGHT="90">
            <Shape><Polygon POINTS="2602 98 2573 98 2544 98 2515 98 2509 84 537 84 540 133 540 157 616 174 619 174 732 159 761 157 1093 157 1104 162 1145 174 1148 174 1151 174 1369 162 1526 157 1549 165 1576 174 1578 174 1581 174 1622 165 1674 154 2622 171 2628 127 2622 98 2602 98"/></Shape>
	    <String CONTENT="l effervescence &lt; qui a arcompagué dans les"
                    HPOS="537"
                    VPOS="84"
                    WIDTH="2091"
                    HEIGHT="90"
                    WC="0.9863345068554545"></String>
          </TextLine>
          <TextLine ID="eSc_line_5507b2d5"
                    TAGREFS="LT42"
                    BASELINE="1131 75 1737 74" 
                    HPOS="1128"
                    VPOS="29"
                    WIDTH="607"
                    HEIGHT="72">
            <Shape><Polygon POINTS="1128 72 1128 101 1735 90 1735 72 1733 29 1128 31 1128 72"/></Shape>
	    <String CONTENT="revolutionucire"
                    HPOS="1128"
                    VPOS="29"
                    WIDTH="607"
                    HEIGHT="72"
                    WC="0.9819504459698994"></String>
          </TextLine>
          <TextLine ID="eSc_line_950f8675"
                    TAGREFS="LT41"
                    BASELINE="2544 63 2643 58" 
                    HPOS="2535"
                    VPOS="11"
                    WIDTH="105"
                    HEIGHT="82">
            <Shape><Polygon POINTS="2541 61 2541 93 2570 93 2599 93 2628 93 2640 93 2640 55 2634 11 2535 11 2541 61"/></Shape>
	    <String CONTENT="22"
                    HPOS="2535"
                    VPOS="11"
                    WIDTH="105"
                    HEIGHT="82"
                    WC="0.9998908936977386"></String>
          </TextLine>
          <TextLine ID="eSc_line_04d4ba38"
                    TAGREFS="LT41"
                    BASELINE="523 223 2643 235" 
                    HPOS="517"
                    VPOS="165"
                    WIDTH="2123"
                    HEIGHT="99">
            <Shape><Polygon POINTS="520 220 517 250 2634 264 2640 232 2637 194 2422 174 2416 174 2369 194 2140 194 2093 171 1980 171 1959 188 1933 171 1922 171 1866 191 1698 191 1634 171 1520 183 1503 168 1491 168 1416 186 1325 168 1273 188 1198 188 1174 168 1067 168 1049 186 1043 186 977 168 840 180 808 165 599 183 567 165 558 165 520 180 520 220"/></Shape>
	    <String CONTENT="milieux urbain l’introduction du colvinisme, &lt;.....&gt;"
                    HPOS="517"
                    VPOS="165"
                    WIDTH="2123"
                    HEIGHT="99"
                    WC="0.953313471033023"></String>
          </TextLine>
          <TextLine ID="eSc_line_946d0d68"
                    TAGREFS="LT41"
                    BASELINE="532 311 1767 316 2561 334 2704 359" 
                    HPOS="529"
                    VPOS="261"
                    WIDTH="2172"
                    HEIGHT="114">
            <Shape><Polygon POINTS="529 308 529 340 913 337 968 348 1014 357 1017 357 1072 351 1168 337 1256 337 1273 354 1279 357 1279 360 1282 360 1285 360 1288 360 1325 354 1404 340 1593 340 1683 360 1721 366 1724 369 1799 369 1799 366 1802 366 1805 366 1808 363 1829 345 1869 363 1878 366 1881 366 1884 366 1910 363 2023 348 2067 366 2076 369 2079 369 2082 369 2099 366 2177 348 2265 369 2279 372 2282 372 2311 369 2445 357 2695 375 2701 357 2701 284 529 261 529 308"/></Shape>
	    <String CONTENT="l ordre a été rétabli partout au profit definitif de la haute"
                    HPOS="529"
                    VPOS="261"
                    WIDTH="2172"
                    HEIGHT="114"
                    WC="0.9886032860787188"></String>
          </TextLine>
          <TextLine ID="eSc_line_55aa6faf"
                    TAGREFS="LT41"
                    BASELINE="535 407 2102 421 2529 439 2663 456" 
                    HPOS="529"
                    VPOS="343"
                    WIDTH="2131"
                    HEIGHT="125">
            <Shape><Polygon POINTS="532 404 529 430 2654 468 2660 453 2660 386 2582 366 2462 386 2439 386 2346 366 2340 366 2305 383 2189 369 2119 380 2096 363 2096 360 2084 360 2023 380 2009 380 1939 357 1930 357 1878 377 1861 377 1628 354 1503 366 1474 351 1468 351 1378 375 1279 375 1247 348 1232 348 1203 369 1139 348 1006 366 662 366 660 360 639 343 630 343 532 357 532 404"/></Shape>
	    <String CONTENT="baurgeoisée. Ni dans les Provinces unier ni dans les Par"
                    HPOS="529"
                    VPOS="343"
                    WIDTH="2131"
                    HEIGHT="125"
                    WC="0.9939740470477513"></String>
          </TextLine>
          <TextLine ID="eSc_line_62b6ab9b"
                    TAGREFS="LT41"
                    BASELINE="520 502 1974 520 2698 549" 
                    HPOS="514"
                    VPOS="453"
                    WIDTH="2181"
                    HEIGHT="119">
            <Shape><Polygon POINTS="517 500 514 523 2689 572 2695 546 2695 494 517 453 517 500"/></Shape>
	    <String CONTENT="(oas Catholiques, il n&#x27;a d ailleurs été besoin pour cela de bro¬"
                    HPOS="514"
                    VPOS="453"
                    WIDTH="2181"
                    HEIGHT="119"
                    WC="0.9882747530937195"></String>
          </TextLine>
          <TextLine ID="eSc_line_b9d24451"
                    TAGREFS="LT41"
                    BASELINE="526 598 1968 610 2669 639" 
                    HPOS="520"
                    VPOS="537"
                    WIDTH="2146"
                    HEIGHT="120">
            <Shape><Polygon POINTS="523 596 520 613 654 630 657 630 953 625 1058 622 2660 657 2666 636 2663 584 2052 558 2050 558 1948 572 1942 572 1939 572 1805 555 1802 555 1683 569 1674 569 1645 552 1642 552 1640 552 1637 552 1421 564 1392 549 1389 549 1387 549 1384 549 1346 564 1256 546 1253 546 892 558 883 558 875 558 581 537 578 537 575 537 523 552 523 596"/></Shape>
	    <String CONTENT="&lt; mesures violentes. Le coloinisme dé finitivement vaix"
                    HPOS="520"
                    VPOS="537"
                    WIDTH="2146"
                    HEIGHT="120"
                    WC="0.9967712900855324"></String>
          </TextLine>
          <TextLine ID="eSc_line_7eee4ef3"
                    TAGREFS="LT41"
                    BASELINE="540 703 1797 697 2666 721" 
                    HPOS="537"
                    VPOS="642"
                    WIDTH="2126"
                    HEIGHT="105">
            <Shape><Polygon POINTS="537 700 537 735 878 721 904 738 907 738 910 738 913 741 1014 741 1014 738 1017 738 1087 721 2657 747 2663 718 2657 654 2154 665 2119 651 2113 648 2111 648 2108 648 2105 648 2096 651 2055 662 1878 648 1846 648 1843 648 1826 648 1721 662 1634 648 1610 645 1608 645 1491 648 1090 660 1055 645 1046 642 1043 642 1041 642 1038 642 1029 645 1009 657 979 645 968 642 965 642 962 642 959 642 950 645 921 657 537 645 537 700"/></Shape>
	    <String CONTENT="queur ou définitivement vainn, le p esple qui d&#x27;était soule"
                    HPOS="537"
                    VPOS="642"
                    WIDTH="2126"
                    HEIGHT="105"
                    WC="0.9649358194763378"></String>
          </TextLine>
          <TextLine ID="eSc_line_1e63134d"
                    TAGREFS="LT41"
                    BASELINE="535 799 1567 793 2643 817" 
                    HPOS="532"
                    VPOS="729"
                    WIDTH="2108"
                    HEIGHT="114">
            <Shape><Polygon POINTS="532 796 532 825 971 819 1064 831 1093 834 1096 834 1099 834 1102 834 1104 831 1128 819 1276 819 1334 834 1349 837 1352 837 1355 837 1419 834 1622 822 2634 843 2640 814 2637 767 1276 735 1273 735 956 753 947 753 927 735 927 732 924 732 921 732 918 732 808 750 677 732 674 732 671 732 607 750 564 729 561 729 558 729 555 729 552 729 532 741 532 796"/></Shape>
	    <String CONTENT="ve en sa faveur s&#x27;est spontaiément retiré du pouvoir"
                    HPOS="532"
                    VPOS="729"
                    WIDTH="2108"
                    HEIGHT="114"
                    WC="0.9920851175601666"></String>
          </TextLine>
          <TextLine ID="eSc_line_779ae929"
                    TAGREFS="LT41"
                    BASELINE="526 895 1709 892 2672 910" 
                    HPOS="520"
                    VPOS="837"
                    WIDTH="2149"
                    HEIGHT="105">
            <Shape><Polygon POINTS="523 892 520 907 674 930 985 912 1421 933 1459 915 1651 915 1773 933 1826 918 2204 939 2207 942 2567 942 2567 939 2573 939 2593 924 2663 939 2669 907 2669 860 2384 840 2163 857 1983 837 1913 857 1689 857 1491 837 1293 851 1270 837 523 837 523 892"/></Shape>
	    <String CONTENT="Sous Guillaume de Orange comme sous Alexandre Farmèse en"
                    HPOS="520"
                    VPOS="837"
                    WIDTH="2149"
                    HEIGHT="105"
                    WC="0.9940747331295695"></String>
          </TextLine>
          <TextLine ID="eSc_line_0d97774e"
                    TAGREFS="LT41"
                    BASELINE="514 991 1843 988 2599 1005" 
                    HPOS="511"
                    VPOS="939"
                    WIDTH="2085"
                    HEIGHT="96">
            <Shape><Polygon POINTS="511 988 514 1026 552 1011 604 1026 607 1026 610 1026 625 1026 1003 1011 1122 1029 1139 1029 1142 1032 1387 1032 1387 1029 1389 1029 1392 1029 1410 1014 1535 1029 1549 1029 1552 1032 1709 1032 1709 1029 1712 1029 1715 1029 1733 1014 1933 1014 1959 1029 1965 1032 1968 1032 1971 1035 2093 1035 2093 1032 2096 1032 2099 1032 2102 1029 2116 1017 2180 1029 2198 1032 2201 1032 2593 1029 2596 1003 2593 953 511 939 511 988"/></Shape>
	    <String CONTENT="pays protestant, comme en pays catholique, il obandonne"
                    HPOS="511"
                    VPOS="939"
                    WIDTH="2085"
                    HEIGHT="96"
                    WC="0.9937395074150779"></String>
          </TextLine>
          <TextLine ID="eSc_line_ca5b7081"
                    TAGREFS="LT41"
                    BASELINE="529 1078 1759 1093 2657 1119" 
                    HPOS="523"
                    VPOS="1032"
                    WIDTH="2131"
                    HEIGHT="116">
            <Shape><Polygon POINTS="526 1075 523 1096 706 1116 709 1116 1078 1110 1183 1110 1195 1113 1227 1125 1230 1125 1232 1125 1407 1119 1512 1116 2649 1148 2654 1116 2654 1061 526 1032 526 1075"/></Shape>
	    <String CONTENT="l&#x27;adainistration urbaine au magistrat et laisse tom"
                    HPOS="523"
                    VPOS="1032"
                    WIDTH="2131"
                    HEIGHT="116"
                    WC="0.9904825091362"></String>
          </TextLine>
          <TextLine ID="eSc_line_f43e8e57"
                    TAGREFS="LT41"
                    BASELINE="517 1186 1020 1186 2654 1224" 
                    HPOS="514"
                    VPOS="1119"
                    WIDTH="2137"
                    HEIGHT="134">
            <Shape><Polygon POINTS="514 1183 517 1218 567 1200 599 1221 630 1221 805 1206 869 1224 886 1226 977 1209 1200 1232 1291 1221 1323 1238 1506 1238 1506 1235 1512 1235 1532 1221 1558 1241 1657 1224 1892 1226 1962 1250 2061 1232 2134 1253 2649 1247 2651 1221 2649 1180 2486 1177 2454 1154 2314 1151 2239 1171 2050 1165 2026 1145 2015 1145 1948 1163 1878 1142 1869 1142 1826 1163 1788 1139 1776 1139 1727 1151 1642 1136 1573 1157 1561 1148 1549 1133 1538 1133 1512 1145 1497 1157 1413 1157 1230 1151 1189 1131 1166 1136 1142 1148 1122 1131 1122 1128 854 1119 846 1119 811 1142 726 1142 514 1119 514 1183"/></Shape>
	    <String CONTENT="ber peu à peu en déauétude les vieilles prerogatives politi¬"
                    HPOS="514"
                    VPOS="1119"
                    WIDTH="2137"
                    HEIGHT="134"
                    WC="0.9862307065823039"></String>
          </TextLine>
          <TextLine ID="eSc_line_eb7a2dc2"
                    TAGREFS="LT41"
                    BASELINE="526 1288 1038 1288 2649 1325" 
                    HPOS="523"
                    VPOS="1224"
                    WIDTH="2123"
                    HEIGHT="125">
            <Shape><Polygon POINTS="523 1285 523 1314 700 1305 790 1320 805 1320 854 1305 875 1322 901 1322 1003 1308 1279 1331 1663 1322 1744 1337 2640 1349 2646 1322 2646 1282 2346 1261 2125 1270 1954 1247 1861 1264 1831 1244 1820 1244 1750 1261 1692 1241 1680 1241 1648 1261 1555 1261 1512 1238 1421 1250 1404 1235 1232 1232 1145 1250 1096 1235 1009 1247 523 1224 523 1285"/></Shape>
	    <String CONTENT="ques des métiers. Ee Hollande, dès 1581, une ordomance"
                    HPOS="523"
                    VPOS="1224"
                    WIDTH="2123"
                    HEIGHT="125"
                    WC="0.9857932748617949"></String>
          </TextLine>
          <TextLine ID="eSc_line_689e7d7d"
                    TAGREFS="LT41"
                    BASELINE="523 1392 1381 1389 2666 1415" 
                    HPOS="520"
                    VPOS="1322"
                    WIDTH="2143"
                    HEIGHT="128">
            <Shape><Polygon POINTS="520 1389 523 1421 572 1404 683 1418 936 1413 953 1427 962 1430 1052 1430 1052 1427 1058 1427 1087 1410 1491 1430 1544 1415 1570 1436 1744 1418 1805 1439 2198 1424 2221 1442 2358 1430 2439 1447 2442 1450 2599 1450 2599 1447 2660 1427 2663 1413 2660 1349 2454 1366 2361 1346 2337 1346 2221 1363 2093 1363 2076 1346 1901 1357 1843 1340 1834 1340 1776 1357 1735 1337 1546 1334 1430 1351 1320 1331 1110 1349 1081 1328 660 1343 587 1322 578 1322 520 1340 520 1389"/></Shape>
	    <String CONTENT="reconnait formellement l’independance des régentse"
                    HPOS="520"
                    VPOS="1322"
                    WIDTH="2143"
                    HEIGHT="128"
                    WC="0.9704181659221649"></String>
          </TextLine>
          <TextLine ID="eSc_line_904582d9"
                    TAGREFS="LT41"
                    BASELINE="520 1488 1218 1485 2221 1503 2672 1523" 
                    HPOS="514"
                    VPOS="1421"
                    WIDTH="2155"
                    HEIGHT="131">
            <Shape><Polygon POINTS="517 1485 514 1503 616 1523 863 1506 889 1511 936 1526 945 1526 982 1508 1003 1523 1232 1511 1247 1520 1261 1535 1270 1538 1349 1538 1349 1535 1389 1523 1430 1514 1573 1538 1640 1517 1747 1538 1756 1538 1773 1523 1933 1538 2026 1526 2061 1540 2079 1540 2137 1526 2343 1549 2663 1552 2669 1520 2669 1471 2352 1468 2332 1450 1971 1459 1872 1439 1683 1453 1471 1433 1317 1450 1067 1427 962 1445 924 1427 915 1427 875 1445 834 1424 677 1442 558 1421 517 1436 517 1485"/></Shape>
	    <String CONTENT="l&#x27;égard de la bourgeoisie, et la même situation opparait"
                    HPOS="514"
                    VPOS="1421"
                    WIDTH="2155"
                    HEIGHT="131"
                    WC="0.9743220518742289"></String>
          </TextLine>
          <TextLine ID="eSc_line_fa0564e2"
                    TAGREFS="LT41"
                    BASELINE="526 1578 1770 1590 2654 1613" 
                    HPOS="523"
                    VPOS="1517"
                    WIDTH="2128"
                    HEIGHT="122">
            <Shape><Polygon POINTS="523 1575 523 1610 1468 1610 1520 1625 1552 1625 1686 1613 2646 1639 2651 1610 2649 1564 2215 1561 2177 1540 2099 1558 2073 1540 1890 1555 1820 1535 1701 1552 1663 1538 1421 1546 1378 1529 1302 1540 1285 1526 918 1540 822 1523 747 1535 721 1517 712 1517 523 1523 523 1575"/></Shape>
	    <String CONTENT="à Utrecht en 158 6. Desormais, la popiilation urbaine est"
                    HPOS="523"
                    VPOS="1517"
                    WIDTH="2128"
                    HEIGHT="122"
                    WC="0.9832193318166231"></String>
          </TextLine>
          <TextLine ID="eSc_line_f40aeed6"
                    TAGREFS="LT41"
                    BASELINE="529 1686 1570 1683 2413 1703 2669 1724" 
                    HPOS="523"
                    VPOS="1622"
                    WIDTH="2143"
                    HEIGHT="113">
            <Shape><Polygon POINTS="526 1683 523 1695 572 1715 668 1700 1250 1700 1270 1718 1544 1706 1654 1724 1753 1709 2000 1729 2096 1718 2660 1735 2666 1721 2663 1663 2276 1645 2163 1657 2140 1657 1994 1634 1939 1651 1887 1634 1878 1634 1837 1654 1785 1631 1776 1631 1712 1648 1648 1631 1404 1645 1384 1631 1372 1631 1328 1642 1270 1625 1084 1636 985 1622 799 1622 709 1642 581 1622 526 1639 526 1683"/></Shape>
	    <String CONTENT="dépouillée de toute intervention dans le maciement des et"
                    HPOS="523"
                    VPOS="1622"
                    WIDTH="2143"
                    HEIGHT="113"
                    WC="0.9988758909074884"></String>
          </TextLine>
          <TextLine ID="eSc_line_a7f750d0"
                    TAGREFS="LT41"
                    BASELINE="543 1773 1413 1779 2669 1823" 
                    HPOS="540"
                    VPOS="1706"
                    WIDTH="2126"
                    HEIGHT="143">
            <Shape><Polygon POINTS="540 1770 540 1796 1072 1796 1221 1814 1299 1802 1407 1820 1430 1820 1529 1808 1642 1825 1663 1825 1727 1814 1779 1828 1948 1820 2660 1849 2666 1820 2666 1776 2489 1773 2422 1747 2218 1764 2186 1744 2175 1744 2113 1761 2087 1738 1927 1753 1907 1735 1799 1732 1738 1750 1645 1727 1369 1721 1302 1741 1209 1741 1168 1715 1064 1732 985 1715 915 1727 878 1709 869 1709 811 1727 692 1712 639 1724 639 1721 619 1706 610 1706 540 1718 540 1770"/></Shape>
	    <String CONTENT="laires locales. Le conseil, la&quot;loi&quot; de la ville, recruté dans un"
                    HPOS="540"
                    VPOS="1706"
                    WIDTH="2126"
                    HEIGHT="143"
                    WC="0.9857704257592559"></String>
          </TextLine>
          <TextLine ID="eSc_line_c55e7f9e"
                    TAGREFS="LT41"
                    BASELINE="523 1881 1468 1878 2678 1916" 
                    HPOS="517"
                    VPOS="1811"
                    WIDTH="2158"
                    HEIGHT="134">
            <Shape><Polygon POINTS="520 1878 517 1898 680 1910 756 1892 820 1913 828 1913 878 1895 971 1910 991 1910 1043 1898 1075 1918 1392 1904 1419 1924 1430 1924 1485 1907 1698 1907 1718 1930 1820 1918 1881 1933 1962 1921 2669 1945 2675 1913 2672 1866 2111 1857 2052 1834 1939 1852 1861 1831 1852 1831 1802 1849 1657 1828 1555 1843 1413 1823 1227 1837 1104 1820 1035 1834 933 1814 869 1834 796 1834 767 1811 520 1825 520 1878"/></Shape>
	    <String CONTENT="petit noubre de familles riches &lt;....&gt; d étient exclusivements"
                    HPOS="517"
                    VPOS="1811"
                    WIDTH="2158"
                    HEIGHT="134"
                    WC="0.9714793985889804"></String>
          </TextLine>
          <TextLine ID="eSc_line_3beff45d"
                    TAGREFS="LT41"
                    BASELINE="526 1956 1500 1977 2675 2026" 
                    HPOS="520"
                    VPOS="1889"
                    WIDTH="2152"
                    HEIGHT="169">
            <Shape><Polygon POINTS="523 1953 520 1980 1020 2009 1177 1991 1276 2009 1448 2000 1544 2023 1561 2020 1587 2006 1695 2006 1721 2029 1721 2032 1733 2032 1797 2011 1942 2017 1971 2041 2090 2026 2128 2041 2154 2046 2201 2026 2233 2041 2300 2029 2666 2058 2672 2023 2672 1977 1977 1936 1512 1936 1369 1916 1029 1921 1003 1904 991 1904 933 1918 729 1898 674 1910 523 1889 523 1953"/></Shape>
	    <String CONTENT="la police et la péridéction municipales. A l’esprit d&#x27;morat¬"
                    HPOS="520"
                    VPOS="1889"
                    WIDTH="2152"
                    HEIGHT="169"
                    WC="0.9908260305722555"></String>
          </TextLine>
          <TextLine ID="eSc_line_3dae33d4"
                    TAGREFS="LT41"
                    BASELINE="543 2064 2064 2087 2660 2125" 
                    HPOS="537"
                    VPOS="2006"
                    WIDTH="2120"
                    HEIGHT="136">
            <Shape><Polygon POINTS="540 2061 537 2096 726 2084 901 2090 918 2107 1023 2090 1125 2107 1314 2096 1384 2113 1448 2099 1494 2119 1506 2119 1535 2102 1794 2125 1942 2110 2082 2128 2119 2113 2148 2128 2201 2116 2297 2137 2651 2142 2657 2122 2657 2064 2410 2043 2108 2052 1977 2032 1875 2046 1852 2046 1663 2026 1657 2026 1625 2041 1587 2023 1578 2023 1526 2038 1445 2020 1218 2032 1189 2014 1174 2014 1154 2029 1014 2011 939 2026 918 2009 825 2023 721 2006 540 2017 540 2061"/></Shape>
	    <String CONTENT="que de cell-ce s&#x27;est substitué un esprit aristocratique et ré¬"
                    HPOS="537"
                    VPOS="2006"
                    WIDTH="2120"
                    HEIGHT="136"
                    WC="0.9907984993150157"></String>
          </TextLine>
          <TextLine ID="eSc_line_74dd0016"
                    TAGREFS="LT41"
                    BASELINE="523 2166 1407 2174 2617 2221" 
                    HPOS="517"
                    VPOS="2093"
                    WIDTH="2097"
                    HEIGHT="154">
            <Shape><Polygon POINTS="520 2163 517 2189 1387 2198 2608 2247 2614 2218 2614 2171 2576 2154 2233 2160 2209 2137 2087 2134 2012 2154 1901 2154 1866 2128 1776 2145 1689 2122 1602 2142 1573 2119 1451 2119 1424 2137 1407 2119 1183 2107 977 2125 840 2107 724 2116 601 2093 520 2110 520 2163"/></Shape>
	    <String CONTENT="glementaire. L&#x27;hôtel de ville témoin jodis des assemblées"
                    HPOS="517"
                    VPOS="2093"
                    WIDTH="2097"
                    HEIGHT="154"
                    WC="0.9871916938246342"></String>
          </TextLine>
          <TextLine ID="eSc_line_35f3c38c"
                    TAGREFS="LT41"
                    BASELINE="526 2256 1177 2262 2128 2299 2663 2334" 
                    HPOS="520"
                    VPOS="2189"
                    WIDTH="2140"
                    HEIGHT="171">
            <Shape><Polygon POINTS="523 2253 520 2279 1049 2282 1131 2308 1288 2294 1320 2314 1331 2314 1389 2299 1459 2317 1613 2305 1878 2334 1895 2334 1983 2320 2140 2343 2180 2346 2244 2328 2346 2352 2654 2360 2660 2331 2660 2279 1698 2230 1538 2238 1456 2221 1215 2227 1136 2209 657 2209 654 2206 569 2189 523 2200 523 2253"/></Shape>
	    <String CONTENT="tmetueases et passionnées de la commune, &lt;.... ....&gt;"
                    HPOS="520"
                    VPOS="2189"
                    WIDTH="2140"
                    HEIGHT="171"
                    WC="0.9582042338756415"></String>
          </TextLine>
          <TextLine ID="eSc_line_f905f3a4"
                    TAGREFS="LT41"
                    BASELINE="523 2352 1247 2360 2622 2436" 
                    HPOS="517"
                    VPOS="2285"
                    WIDTH="2102"
                    HEIGHT="180">
            <Shape><Polygon POINTS="520 2349 517 2381 788 2392 820 2378 898 2398 915 2398 962 2378 1113 2384 1154 2410 1174 2410 1256 2392 1340 2419 1468 2401 1532 2427 1648 2410 1741 2436 1852 2419 2195 2436 2230 2459 2317 2462 2358 2442 2614 2465 2619 2433 2619 2389 2302 2357 2090 2363 2050 2346 1892 2340 1887 2340 1861 2355 1846 2337 1735 2349 1637 2328 1317 2328 1291 2311 1166 2323 779 2308 779 2305 712 2285 520 2294 520 2349"/></Shape>
	    <String CONTENT="&lt;..&gt; ne s’ouvre plus qu aux magistrats et aux fonction¬"
                    HPOS="517"
                    VPOS="2285"
                    WIDTH="2102"
                    HEIGHT="180"
                    WC="0.9716144128279253"></String>
          </TextLine>
          <TextLine ID="eSc_line_2e2315cf"
                    TAGREFS="LT41"
                    BASELINE="532 2456 1651 2471 2669 2526" 
                    HPOS="529"
                    VPOS="2401"
                    WIDTH="2137"
                    HEIGHT="151">
            <Shape><Polygon POINTS="529 2453 529 2480 1011 2480 1119 2497 1122 2497 1125 2497 1174 2485 1195 2503 1200 2509 1203 2509 1206 2509 1288 2512 1291 2512 1343 2506 1468 2494 1497 2512 1500 2512 1503 2512 1506 2512 1657 2500 1826 2503 1863 2523 1866 2523 1869 2523 1872 2523 1930 2509 2032 2532 2052 2535 2055 2535 2058 2535 2067 2532 2113 2520 2660 2552 2666 2523 2666 2477 1494 2416 1491 2416 1244 2430 1235 2430 1227 2430 1032 2401 1029 2401 529 2407 529 2453"/></Shape>
	    <String CONTENT="naires des bureaux. &lt;.... .. ... ..&gt;"
                    HPOS="529"
                    VPOS="2401"
                    WIDTH="2137"
                    HEIGHT="151"
                    WC="0.9453163809246488"></String>
          </TextLine>
          <TextLine ID="eSc_line_f3589f5c"
                    TAGREFS="LT41"
                    BASELINE="523 2549 1230 2555 1977 2578 2302 2593 2678 2631" 
                    HPOS="517"
                    VPOS="2497"
                    WIDTH="2158"
                    HEIGHT="148">
            <Shape><Polygon POINTS="520 2546 517 2581 729 2587 788 2570 820 2590 831 2590 860 2576 1046 2590 1055 2590 1081 2576 1328 2581 1357 2602 1532 2590 1558 2610 1558 2613 1922 2602 2669 2645 2675 2628 2675 2564 2558 2544 2346 2552 2302 2535 2294 2535 2236 2549 2212 2532 2201 2532 2154 2546 2137 2546 1997 2526 1954 2541 1933 2541 1805 2520 1692 2532 1561 2512 1480 2526 1456 2526 1352 2506 1346 2506 1317 2520 1288 2503 1198 2514 1096 2497 520 2497 520 2546"/></Shape>
	    <String CONTENT="&lt;..... .. ....&gt;"
                    HPOS="517"
                    VPOS="2497"
                    WIDTH="2158"
                    HEIGHT="148"
                    WC="0.8125407656033834"></String>
          </TextLine>
          <TextLine ID="eSc_line_1ba3929b"
                    TAGREFS="LT41"
                    BASELINE="517 2640 1157 2648 2649 2715" 
                    HPOS="511"
                    VPOS="2587"
                    WIDTH="2135"
                    HEIGHT="157">
            <Shape><Polygon POINTS="514 2637 511 2657 2640 2744 2646 2712 2643 2669 514 2587 514 2637"/></Shape>
	    <String CONTENT="&lt;. .... .. ..  .. . ...&gt;"
                    HPOS="511"
                    VPOS="2587"
                    WIDTH="2135"
                    HEIGHT="157"
                    WC="0.8349717160065969"></String>
          </TextLine>
          <TextLine ID="eSc_line_813b1c7e"
                    TAGREFS="LT41"
                    BASELINE="508 2738 1337 2753 2163 2776 2454 2799 2649 2822" 
                    HPOS="503"
                    VPOS="2677"
                    WIDTH="2143"
                    HEIGHT="146">
            <Shape><Polygon POINTS="505 2735 503 2753 724 2776 860 2767 910 2782 1198 2776 1529 2799 1628 2788 2640 2823 2646 2820 2646 2759 2244 2747 2244 2744 2201 2724 1974 2733 1576 2706 1529 2721 1389 2701 1317 2715 1215 2698 1119 2706 1102 2692 1014 2709 977 2689 965 2689 939 2706 915 2686 904 2686 875 2701 779 2683 639 2698 610 2677 601 2677 505 2689 505 2735"/></Shape>
	    <String CONTENT="&lt;.... ...."
                    HPOS="503"
                    VPOS="2677"
                    WIDTH="2143"
                    HEIGHT="146"
                    WC="0.9639940142631531"></String>
          </TextLine>
          <TextLine ID="eSc_line_212325a0"
                    TAGREFS="LT41"
                    BASELINE="520 2828 2125 2869 2663 2901" 
                    HPOS="514"
                    VPOS="2782"
                    WIDTH="2146"
                    HEIGHT="142">
            <Shape><Polygon POINTS="517 2826 514 2849 665 2869 738 2858 758 2872 767 2872 840 2860 857 2875 1136 2869 1244 2887 1320 2875 1372 2890 1829 2890 1951 2907 2032 2895 2050 2910 2087 2907 2134 2898 2654 2924 2660 2898 2660 2846 2361 2840 2355 2834 2317 2820 1991 2826 1959 2808 1791 2820 1756 2820 1703 2802 1555 2814 1410 2794 1302 2805 1273 2791 1151 2802 1006 2782 517 2782 517 2826"/></Shape>
	    <String CONTENT="&lt;..... ..&gt; La situation est la même dans les villes"
                    HPOS="514"
                    VPOS="2782"
                    WIDTH="2146"
                    HEIGHT="142"
                    WC="0.946451322705138"></String>
          </TextLine>
          <TextLine ID="eSc_line_f18c92f5"
                    TAGREFS="LT41"
                    BASELINE="520 2930 1590 2948 2657 2991" 
                    HPOS="514"
                    VPOS="2863"
                    WIDTH="2140"
                    HEIGHT="154">
            <Shape><Polygon POINTS="517 2927 514 2956 782 2956 933 2974 947 2974 1017 2956 1107 2956 1142 2977 1142 2980 1427 2968 1596 2986 1730 2977 1794 2997 1817 2997 1922 2983 2108 3006 2649 3017 2654 2988 2654 2936 2186 2933 2151 2904 2140 2904 2096 2919 2061 2927 1974 2901 1811 2919 1767 2895 1692 2913 1500 2910 1477 2892 1430 2895 1340 2907 1102 2875 1023 2898 892 2895 822 2866 724 2887 692 2863 517 2866 517 2927"/></Shape>
	    <String CONTENT="belges. Ni aussé, le pouvoir mmicipal s&#x27;est concentriaux"
                    HPOS="514"
                    VPOS="2863"
                    WIDTH="2140"
                    HEIGHT="154"
                    WC="0.9879432246088982"></String>
          </TextLine>
          <TextLine ID="eSc_line_e11059c1"
                    TAGREFS="LT41"
                    BASELINE="526 3020 1782 3047 2669 3090" 
                    HPOS="520"
                    VPOS="2956"
                    WIDTH="2146"
                    HEIGHT="160">
            <Shape><Polygon POINTS="523 3017 520 3044 706 3044 773 3061 785 3061 808 3047 843 3064 982 3052 1081 3070 1212 3058 1241 3076 1253 3076 1293 3061 1474 3064 1549 3079 1608 3087 1671 3070 1698 3090 1709 3090 1773 3073 1831 3090 1843 3090 1869 3076 2262 3084 2375 3111 2660 3116 2666 3087 2666 3041 2113 3026 2087 3017 1994 2997 1866 3012 1776 2994 1727 3009 1628 2986 1529 2997 1509 2983 1209 2974 1087 2991 1055 2968 1043 2968 965 2988 936 2965 924 2965 886 2983 843 2962 834 2962 779 2983 724 2962 642 2977 616 2956 607 2956 523 2959 523 3017"/></Shape>
	    <String CONTENT="mains d &lt;. ....&gt; riches. Le parfois il arrève encore que"
                    HPOS="520"
                    VPOS="2956"
                    WIDTH="2146"
                    HEIGHT="160"
                    WC="0.9858386580433164"></String>
          </TextLine>
          <TextLine ID="eSc_line_dbc47fb9"
                    TAGREFS="LT41"
                    BASELINE="526 3125 1721 3137 2672 3183" 
                    HPOS="523"
                    VPOS="3061"
                    WIDTH="2146"
                    HEIGHT="145">
            <Shape><Polygon POINTS="1308 3087 1192 3087 1163 3084 936 3087 822 3067 703 3081 584 3061 523 3076 523 3157 799 3148 921 3174 924 3177 994 3177 994 3174 1000 3174 1032 3154 1195 3157 1264 3183 1305 3177 1366 3163 1392 3183 1392 3186 1436 3180 1497 3166 1602 3189 1733 3172 1767 3195 1927 3177 1962 3201 2073 3189 2111 3204 2663 3206 2669 3180 2669 3131 1404 3081 1308 3081 1308 3087"/></Shape>
	    <String CONTENT="les métiers &lt;. .. ... . .. .....&gt;"
                    HPOS="523"
                    VPOS="3061"
                    WIDTH="2146"
                    HEIGHT="145"
                    WC="0.9098133950522451"></String>
          </TextLine>
          <TextLine ID="eSc_line_351f41ab"
                    TAGREFS="LT42"
                    BASELINE="1031 3082 1327 3088" 
                    HPOS="1026"
                    VPOS="3044"
                    WIDTH="299"
                    HEIGHT="67">
            <Shape><Polygon POINTS="1029 3081 1026 3102 1320 3111 1325 3087 1323 3049 1029 3044 1029 3081"/></Shape>
	    <String CONTENT="g&#x27;algitent"
                    HPOS="1026"
                    VPOS="3044"
                    WIDTH="299"
                    HEIGHT="67"
                    WC="0.9999583959579468"></String>
          </TextLine>
          <TextLine ID="eSc_line_78b95e2d"
                    TAGREFS="LT41"
                    BASELINE="537 3221 1855 3227 2663 3265" 
                    HPOS="535"
                    VPOS="3160"
                    WIDTH="2125"
                    HEIGHT="131">
            <Shape><Polygon POINTS="535 3218 537 3259 584 3241 657 3262 971 3244 1000 3265 1509 3253 1570 3276 1584 3276 1640 3256 1692 3273 1703 3273 1730 3256 2654 3291 2660 3262 2654 3204 2311 3204 2212 3183 2102 3198 2035 3180 2026 3180 1977 3198 1968 3195 1948 3180 1753 3189 1692 3174 1544 3186 1523 3172 1514 3172 1017 3183 843 3160 747 3177 654 3160 535 3174 535 3218"/></Shape>
	    <String CONTENT="&lt;.... &lt;..... . .........n&gt; il suffit de la"
                    HPOS="535"
                    VPOS="3160"
                    WIDTH="2125"
                    HEIGHT="131"
                    WC="0.8729123331251598"></String>
          </TextLine>
          <TextLine ID="eSc_line_be09ce1a"
                    TAGREFS="LT41"
                    BASELINE="520 3305 1509 3311 2643 3349" 
                    HPOS="517"
                    VPOS="3241"
                    WIDTH="2123"
                    HEIGHT="143">
            <Shape><Polygon POINTS="517 3302 517 3349 648 3349 648 3346 654 3346 683 3329 770 3352 799 3352 1011 3334 1177 3355 1285 3340 1340 3361 1352 3363 1517 3346 1631 3369 1785 3352 1849 3375 2230 3361 2314 3384 2637 3378 2640 3346 2640 3294 2579 3279 2503 3297 2471 3276 2372 3294 2250 3279 2111 3288 2079 3268 1986 3282 1965 3265 1834 3282 1826 3279 1811 3265 1692 3259 1645 3273 1590 3259 1578 3259 1555 3276 1407 3256 1398 3256 1378 3270 1270 3256 1198 3268 1183 3268 1148 3247 1136 3247 1116 3265 982 3244 892 3262 878 3262 785 3241 776 3241 747 3259 517 3256 517 3302"/></Shape>
	    <String CONTENT="moindre démonstration pour les faire rentrer dain l&#x27;ordre"
                    HPOS="517"
                    VPOS="3241"
                    WIDTH="2123"
                    HEIGHT="143"
                    WC="0.9834364704918444"></String>
          </TextLine>
        </TextBlock>
        <TextBlock HPOS="2520.0"
                   VPOS="11.0"
                   WIDTH="182.0"
                   HEIGHT="88.0"
                   ID="eSc_textblock_fb960712"
                   TAGREFS="BT60">
          <Shape><Polygon POINTS="2520 11 2520 99 2702 99 2702 11"/></Shape>
        </TextBlock>
        <TextBlock HPOS="108.0"
                   VPOS="1056.0"
                   WIDTH="284.0"
                   HEIGHT="357.0"
                   ID="eSc_textblock_50af0f5c"
                   TAGREFS="BT58">
          <Shape><Polygon POINTS="377 1413 385 1261 386 1190 392 1141 382 1056 109 1071 108 1413"/></Shape>
        </TextBlock>
        <TextBlock ID="eSc_dummyblock_">
          <TextLine ID="eSc_line_8ab101d8"
                    TAGREFS="LT43"
                    BASELINE="141 1172 347 1179" 
                    HPOS="139"
                    VPOS="1084"
                    WIDTH="207"
                    HEIGHT="154">
            <Shape><Polygon POINTS="139 1171 139 1232 189 1218 235 1218 252 1232 258 1235 258 1238 261 1238 264 1238 267 1238 343 1229 346 1177 340 1128 241 1128 215 1099 206 1093 206 1090 203 1090 200 1090 139 1084 139 1171"/></Shape>
	    <String CONTENT="beur"
                    HPOS="139"
                    VPOS="1084"
                    WIDTH="207"
                    HEIGHT="154"
                    WC="0.9974609017372131"></String>
          </TextLine>
          <TextLine ID="eSc_line_040e7587"
                    TAGREFS="LT43"
                    BASELINE="122 1256 270 1259" 
                    HPOS="116"
                    VPOS="1194"
                    WIDTH="151"
                    HEIGHT="111">
            <Shape><Polygon POINTS="119 1253 116 1273 189 1305 191 1305 194 1305 197 1305 264 1273 267 1258 267 1209 247 1194 244 1194 241 1194 238 1194 119 1197 119 1253"/></Shape>
	    <String CONTENT="115"
                    HPOS="116"
                    VPOS="1194"
                    WIDTH="151"
                    HEIGHT="111"
                    WC="0.9999212622642517"></String>
          </TextLine>
        </TextBlock>
      </PrintSpace>
    </Page>
  </Layout>
</alto>
