2713 3511
482 58 2157 135 leur profit, depuis le milieu du XIVe tiècle, les attulutions

2493 8 88 85 181

500 178 1414 102 qui ailleurs apparticement aux Etats

497 269 2104 146 A vraidire, et si at.... ebange que cela puisse paraître à

485 392 2093 99 ponéérevne, c'est pestement l'accionsement du pouvoir

485 465 2148 117 princéer qui a amevé les villes a partioper au gouvernement her¬

462 561 2136 109 rétorial. Du pur, en effet, où <....> les <..> domanialby ne

1773 552 299 71 revenens

477 640 2168 117 euffirent plus à tubereer aux sépuses nécucitées par leur politique

479 751 2163 88 et leur adiinistiation, les prienes se virent obligés de demander

471 828 2130 114 à leurs sijets <..........> un supplement de ressources. Ple

479 933 2154 82 riches que le clerxé et la nobles, e les villes <....... ........>

485 1003 2151 105 <.... ....> payirents aussi li en plus largement, mais

477 1091 2154 117 elles crigèrent ees retoer de leurs services, des concessions quil fut

474 1173 2151 105 impossible de leur refuser. <....... . . .... ......

465 1261 1364 114 <.... .. .. ..> Elles n <...>

1668 1243 327 111 comprirent

2001 1275 615 94 point q'en venant

471 1348 2160 109 en cidle à leurs comtes où à leursfévèques, elles fortifiaient en som¬

474 1424 2209 117 me un pouvoir <.............> incompatible avec <..>

474 1509 2171 141 l'artonomie mvincipale. Car, depriès la fies du XIII siècle, les prences

468 1626 2201 100 fendent visiblement à̀ <.> augne enter sans cesse leurs

474 1705 2180 109 prerogatives et à concentrer dans burs mains la plus grande

465 1784 2186 109 soume possible d'autorité. Les legistes dnt ils s'entourent, à l'e¬

477 1878 2165 105 xemple de Pulippe le Bel, vocoi.>> ne conçoivent le geuvernement

479 1963 2190 93 que soouu la forme de l'olsobitisme et les amenent bientôt à col¬

477 2039 2186 105 quer leur conduite sur celle des rois de France. Es Hanait, Al¬

462 2127 2204 128 bert de Bavière cherche, en 1364 à eubrondeure la gabelle, et

474 2217 2186 123 sous hos cecceneur, le petisconsulte Phelippe de Les de compo¬

468 2323 2186 93 se au maineel politique où s'énone sans réserves la

465 2416 2198 103 Hheorie de la s ouvéraincté absolue. En Flandre surtant, de

456 2498 2201 108 nouvelles institutives apparaissent par lesquelles s'af¬

474 2583 2195 129 fume la centraliation croissante de l'adininis tra¬

462 2677 2169 123 tion et l'extension continaelle de la "teigneurie". D plus

462 2764 2198 158 en plus, le peuccipe ques"ce qui plaît au puive a force de loi"do

450 2861 1496 126 poine dans les conserls de quedernements.

477 2940 2162 164 Tant que les divers herritoires des Paup-Bas furent indepen

471 3063 2201 117 dants les uns des autres et possédèrent channe sa clynas.

453 3133 2213 143 tie peopre, les hendances absolutistes des pouvoir peiinrèr <..>

462 3233 2186 125 ne parururent poutant à l'emporter melle part. Mais quand

477 3297 2171 143 <...> la maison de Bourgogue ent réussi a faire passer sous son
