2713 3488
572 52 2053 119 devant les y eux des ouvriers urbains dis parurent

2492 0 93 101 17

575 168 2033 87 avec lui. De cette aventure sans lendemain, il de¬

601 255 1966 105 <> meura pourtant quelque chose. Pour la pre¬

569 342 2059 102 mière fois, elle avait fait entrevoir aux travail¬

572 424 2053 102 leurs la possibilité d'e changement. Depuislors

575 523 2027 99 la Flandre ne ces sa plui <....> une fermen

1637 488 529 67 dêtre, en Oproce à

581 613 2024 96 tation dont la gravité s'accentue à mesure que l'on

593 706 2003 116 approche du XIVe siècle. C'est dans les villes vallonnes

596 816 1980 114 qu'elle s'accuse tout d'atord. A Douai, ds 1246

587 930 1995 104 elle se caractérise par des troubles qui portent le

590 1031 2050 99 nous de tatehaus et dans lesquels il est facile de re¬

596 1113 2018 119 connaitre de véritables grèves. De là, le mouvement

590 1209 2044 122 ne tarde gas à gagner les régions germaniques du com¬

587 1316 2032 114 té. En 1274, les tissérands et les foulons de Gand, après

587 1427 2050 99 l'écher d'une coup de main contre l’echevinage, <...>

590 1511 2024 90 <. . .. .....> nous près entent le curieux

593 1613 2050 93 spectacle d'une secession de la plèbe imoustrielle. Is

604 1703 2047 102 quittent la ville en masse et se retirent en Brabant¬

587 1810 2070 93 L'encotion que causa cette résolutions désespérie <...>

593 1903 2050 111 <.. .... .. ..> a laisse des traces jusqé’¬

599 2002 2055 102 nos jours. Les ech evins supplièrent aussitit leurs col¬

610 2101 1983 93 liques patreciens de Louvain, de Bruxelles, d’auvers

607 2209 2030 98 itc. de n pas prendre les fugitifs sous leur protection

604 2296 2027 104 et d ne pas permettre de leur donner de l’ouvrage

596 2406 2032 93 et les archèves gantoises comervent encore les ré¬

604 2505 2047 99 pouses qui leur pusent euvoyes et qui les tranquil¬

587 2578 392 104 litèrent.

619 2677 2024 107 un tel épisode <..> montre tuffisamment à quel

613 2764 2059 122 point s'exaspération les esprits étaient montés. Mais

610 2860 2047 122 la grandeur du péril nient d ontre réseillat que de

616 2950 2053 119 <.......> fortifier la résiitance. Les bans communaeux

616 3049 2033 119 des centes industriels, à partir du milieu du XII.

616 3153 2033 111 siècle, obondent en textes <...>

613 3232 2059 128 <..> significatifs à cet égard. Interdiction est

630 3331 2016 113 foite aeux tisserands et aux foulons de porter
