2713 3501
560 49 2129 111 grâce a la communauté urbaine dont on fait partie <.>

540 134 2135 128 Rien peut-être, <.. ....... ...> parmi tous les or¬

554 233 2109 114 ganismes soriaux, créés par l'homme ne rappelle davai

519 320 2112 117 tage les <.....> du règne animal  se songe ici aux

905 309 374 70 collectivités

540 402 2108 123 fourmés et aux ascilles - que les communes médiévales. Des

531 484 2135 117 deux côtés, c est la même subordination de chacren à l'eu¬

531 568 2144 129 semble, la même collaboration de bous à la subais tance

531 641 2108 149 au maintien, à la défeuse de la république, la même

525 732 2120 140 tostilité à l'égard de l'étranger, la même abseire de pétis

531 819 2120 146 à l'égard des êtres unutiles. Le bannissement. a tojours

525 895 2132 155 été le châtiment le plus caractéristique du droit unbain.

519 1003 2150 158 Dés le XIIe siècle, le homo initilis ville <......>

522 1111 2129 134 pour emploxer l'expression si caractéristique des

522 1196 2150 128 documents contemporains, est impitoyablement

505 1289 2152 149 espulsé. Si dans la ville, la propriété privée est sous¬

511 1353 2093 181 traite aux atteintes du pouvoir signeurial si le

2222 1435 315 73 domaliaux

502 1455 2164 170 bourgeois n'a plus à acquitter tans ces droit ques à la

513 1569 2118 152 campagne, contument à péser sur les succisaions,

502 1671 2170 120 mortes main meilleur catel buteil, corimerte, etc, <.>

511 1762 2149 131 <> en revanché, elle n'échappe point à l’emprise de

505 1849 2158 123 la commumanté. Non seulement, en cas de besoies, par la

505 1937 2152 131 taille et par l'emprunt forcé celle ci pese dans la bourse

505 2030 2161 123 de tons ses membres, mais < > chaque bourgeoir est

499 2121 2155 119 encore responsable aur ses biens des dettes de la ville et

499 2199 2164 132 il ne peut <.. ..  et> s'il abandonne cell-

487 2296 2176 122 les transporter avec soi, sans acquitter Un droit d'isses

595 2389 2071 152 ces un point pourtant et en un point essentiel les

496 2488 2164 134 commune siffère de la ruche ou de la fourmilière.

502 2599 2170 111 Celles-ci, en effet, pour autant que nous prussions les com¬

490 2692 2179 111 parer, avec quelque approxiination, aux collechivités tu¬

496 2797 2176 79 maines, nous présentent le spectacle de gouvernements mo¬

499 2876 2170 96 narchiques. La commuune au contraire, da moins pendent

487 2961 2176 96 les premiers semps et même plus tard en bhévrie consti¬

496 3054 2149 96 tue une démocratie. Pous la première fois, au milieu

481 3139 2129 84 d'une époque or domive dans sous les domaines le

478 3220 2132 105 primipe autoritaire elle réalise le gouvornement, du

493 3302 2144 117 peuple par le peuple. Le pouvoir qu'exercent ses magistrats

2543 17 102 73 11
