2713 3501
601 75 2079 82 est inctitue par une conpiration <........> c'est a

595 142 2091 108 dire par une alliance assermentée de toufa les sabi¬

586 239 2103 122 tants. Le pouvoir commmnal apparait ainsi plus clai

584 338 2073 111 rement dans les cités épiscopales que dans les villes

592 420 2083 122 laïques. Il ne s'y est point <...> par suite de l'atti¬

1638 408 245 64 amalgauie

589 525 1764 111 tude des évêques, avec le pouvoir public. ()

607 630 2079 111 Mais il ne fandrait point croire que la commune soit

589 732 2100 105 dans les Pays-Bas, un phénomène appartenant en propre

595 811 2097 122 à certaines villes. Ce qui est rai, c'est qu'on ne rencontre

575 907 2105 122 point dans ce pays des communes politiques organiséer

578 1000 2082 123 suivant le type frauçais où tous les pouvoirs dérisent

589 1111 2097 99 de l'ocsociation municipale. Les "cités, se sont rapprochées

584 1204 2102 103 de cette organisation mais sans jamais y atteindre. Ail¬

566 1280 2076 129 leurs, elle ne se rencontre melle part. Le qui se rencontre

569 1379 2050 120 partout, en revanche, c’est la commune en tant <>

581 1461 2070 129 qu'unité corporative de tous les bourgeoin, en tant que

572 1555 2105 137 personne morale. Aussi bien dans les villes où il existe des

572 1668 2138 105 pires que dans celles où ils manguent, les habitants consti¬

563 1759 2126 108 tuent un corps, une uvidersité, donts tous les membres

557 1852 2112 108 sont solidaires les une des autra. Nul n'est bourgeois

560 1948 2097 97 t'il ne prête le serment communal, <... ...>

581 2027 2099 108 qui l’assocée étroitement à tous les autres bourgeis <...>

575 2123 2100 94 <.....> La personne et ses bieur appartiennent à

572 2220 2062 87 la ville.<......> et ceux-ci comme celle-la peuvent être

578 2304 2091 94 requis à toit < > son service. Le bourgeois is alé ne

1133 2272 321 67 instant

578 2380 2088 114 se comprend pas plus que ne se comprend, aux époques <

575 2476 2076 94 .. premitives, l'homme ésole. On n'est une personne aux

569 2558 2094 102 temps barbares que grâce à la commemanté familiale à

578 2649 2114 116 laquelle ou appartient; on n'est bourgeois, au moyen âge, que

2578 14 97 73 50

578 2794 2102 105 (1) M. Vanderkendère a cherché à demontrer que l'opposs

569 2870 2117 105 tion du pouvoir princier et du pouvoir commnal était un

148 2873 357 132 ufpar excip¬

581 2949 2102 96 fait piiomitif et niversel. Voy. son étede intitulée. I pre¬

154 2978 365 73 au XIIIe siècle on

151 3031 374 79 retes de Randre

554 3005 2135 102 mière phase dl'evolution politique deu villes flamandes, duun

151 3089 392 105 rtroduite dans

566 3075 1136 110 les Annales du Nord et de l'Est,

1962 3115 733 85 Il prétend s'écouvror

151 3156 383 102 aes loralités par

560 3180 2120 84 des jures en opposition avec les éctevins dans toutes les villes

151 3226 322 82 ale à Peinse

563 3247 2126 111 plamandés. Mais <.........> les textes qu'il cito et

551 3334 2129 76 oe est naturellement rmpossible d'examiner vci ne donc

566 3384 2091 102 pas probants à monavis. Voy. les rapidles cberrvations
