2713 3502
619 58 2064 90 ou une invasions seraient d’épouvantables ca¬

624 137 2059 105 laités. Dès lors, la muraille protechrice, <.....>

604 224 2097 94 est une nécesseté primordiale. Non seulement ausune

581 312 2105 87 ville n’est une ville ouvert. mais encore dans le bud¬

624 411 2033 108 g et de chagne ville, les dépense<...............>

1813 379 342 85 militaises

607 504 2088 100 <. ... .. > d'épasse de buaucoup

601 592 2079 111 toutes les autres dépenses. Biun plus meme.) Il semble

604 682 2076 117 que les premier impôts urbains n’aient l d’aute

595 773 2109 108 destination qui de parer à l'entretien et à la comtrus

592 863 2065 108 tion de l'euceente. Les amendes mêmes, prononcées

586 951 2053 120 par le tribunal de la ville sont souvent affichée

589 1044 2086 140 ad opus castris et à Liège, jusquu à la fis du mayen

601.0 1143.0 2071.0 127.0 Age, l'accise" communale n'a cessé de poster le noi

607 1257 1203 129 segnificatif de " fermeté".

668 1351 2001 116 Zans cette enceinte de paix  qui entoure la

566 1444 2097 114 ville règne aussi un droit de paix. Il faut en¬

592 1537 2030 111 tendre par là, suivant l’usage du moyen. Age

575 1619 2105 99 n droit pénal, particulièrement sévère, destiné

2254 1683 359 76 ciqprations

584 1713 2096 108 à maintenir l'ordre public par la terrenr <.>¬

581 1806 2091 108 <...> impitoyables. Les plus anciens documents du

589 1891 2083 110 droit mnicipal abondent en <.....>

575 1972 2114 97 <....  . ..> châtiments cor¬

595 2060 2109 96 poreli: pendaison, décapitation castration, aeputa¬

581 2142 2082 110 tion de membres. Il applique dans toute sa rigneur

575 2232 2073 99 la loi du talion : ocil pour amil sent pour dent.

584 2322 2050 103 <.. ....> "Seandune quantitate

589 2416 2115 111 fachi punictur, dit la charts de saintOmer scilicet orulue

584 2501 2105 137 pro oculs, deutene pro deute, caput procapite redolato.

584 2617 2067 99 Mais ce n'est pas seulement en matière répussive,

584 2705 2073 102 c'est bien plus en matière civile que le droit de ler

572 2778 2091 119 ville se distinque de celii du plat pays. La procédure

572 2877 2062 108 dx y est plus simple et plus rapiule, la moyens de

584 2947 2058 126 preuve <.> y sont plus perfectionnés. Sur le fonds de

563 3040 2094 108 la vieille coutime primitive se développe une coutu¬

566 3131 2097 99 me nouvelle adaptie aux besoins qu’impose la vie

572 3204 2097 102 commerciale et industrielle. Tout ce droit d’ailleurs nous

2578 20 79 70 40

551 3326 2112 111 (1). Le chroniquenr Galbeet, au commencement du XIIe sicéle, appelle les villes

622 3376 1419 108 des loci pasifici et ls oppose aux foriuseci loci¬
