2713 3520
1230 149 167 91 encur

616 152 273 82 devint

507 23 400 106 proioucé

499 88 2149 108 <......> déjà sous le gouvernement des patriciens, il

2466 0 109 126 165

493 193 2123 100 <... .....> lien plus puissant <.> du jour

490 308 2167 96 vu <....> la bourgerisie entière particépant au

493 398 2131 94 pouvoir <... ..> de commun accord à l'affermir.

874 360 582 68 se mit, es tav aille

478 484 2135 120 <.. .. ... ... . .....> Laris¬

478 595 2102 103 tocratie urbaine < ........> intérêts du

1165 557 1042 85 s'était surtout préoeuupée det

507 677 2126 129 grand trafic <..  ....> Desormais, ce sont des

502 786 2149 132 considérations de commerce local qui l’auportent, comme

502 888 2078 132 il est naturel dans une situation où l'hégénonie a

507 988 2120 138 passé <...> des mains des marchands en gros aux mains

499 1102 2134 141 des artisans. On s'efforce tout d'abord de dilater autant

507 1214 2053 135 qu'on le peut, le rayon de la clientéle ordinaire de la

499 1305 2155 158 ville. Chaque grande commune s’'impose en maitresse à

505 1428 2161 156 toute une portion du plat-pays. <.........> pr étend son

502 1542 2137 141 mettre à son hégémonié <.> la châtellenie on <....> le

499 1625 2155 179 "quartier" qui l'’entoure. Elle diche la loi non seulement

502 1742 2161 167 aux villages, mais aux petites villes des environs. Elle ar¬

502 1853 2143 171 rache au prin ce ou elle impose par la force, la défeuse

513 1968 2144 164 d'exercer c'ertaine <.....> dans le territoire qu’elle s'est

1271 1965 299 76 profassions

505 2070 2119 171 réservé. Alour de Gand, autour de Bruges, autour d'pres,

510 2191 2153 149 il est interdit depuis le commencement du XIVe siècle de

510 2293 2144 147 protiquer l'industrie dropière et, à la moindre trans¬

510 2402 2167 147 grissiore de ce privilège, les métiers sortent en armes et voul

513 2519 2161 162 impétoyablement briser les métiers à tisser <.> les cuves

513 2604 2129 197 a foulous et les " rames à tendre le drap. A L'Ecluse

507 2719 2161 161 toutes les corporations industrielles sont placées sous la

502 2824 2190 168 surveillance dc Bruges. <.> L'intervention des Gantois est

513 2945 2164 149 continuelle dans les affaires de Grammont d’And enardes

513 3041 2108 162 et de Termonde. Poperinghe vit sous la tutelle dEpres¬

507 3165 2114 140 <. . .. . ...> à

519 3261 2138 135 <..... . ......>

502 3373 2084 100 <... ... ....> Le droit du plus fort
