2713 3514
542 64 1951 120 culier qui l'emporte Le bourgeois, avant d être de

533 169 2118 106 sa ville est de son métier et son attitude n'est jamais

550 272 2113 108 douteuse s il lui faut opter entre l’avantags de l'une

539 366 2109 125 et celui de l'Outre. Dans de telles conditions, <..>

544 477 2063 129 <..... . ....> il n'y a pas de place pour le citoyen tel

556 585 2095 97 que l’antiquité l'a comme. Les droits et bes devairs <...>

544 653 405 67 l individu

565 688 2086 117 <> ne découlent point directement de la chase

556 778 2104 126 publique. Entre elle et leuii s'interpose le groupe de les

547 869 2098 138 compagnons qui le saisit <...> l'absorbe et lin

544 975 2098 123 impose de rôle qu'il doit reeplers et qu’il remplera d'au¬

544 1077 2116 114 tant plus volontiers qu’il <.. ... ...>

556 1188 2086 109 <. ... ... .> se confond avec le mé¬

550 1279 2048 120 tier même dont il vit. La même divergence d'intérêls

577 1390 2097 132 que l'on remarque entr les villes et les campagues se reu

559 1505 2115 129 contre donc au sen même des villes, quoique a un moindre

562 1607 2101 132 degré esx <....... .. ...> rent

550 1724 2124 120 impossible le développenent de l'esprits dénmonatique ou si

547 1818 2127 126 l'on veut, y impose à la démocratie un caractère lieu

556 1912 2077 140 different de celui qu’elle a revêtre dans l’antiquité et

556 2038 993 93 dans le temps modones

583 2140 2080 152 Ce n'est pas que la théorie du gouvernement démoira¬

550 2237 2133 170 tique ait été incomme au moyen Age. Les phu losopher l'ont

553 2336 2113 179 très nettement formdlée, à l’imitation des anciens. A Leg

556 2451 2077 146 un milieu des agitations ciur les, le bon chanaiue Juan Hocrem

562 2550 2107 176 examine gravement les mérites rspectifs de l'aristoratia

568 2664 2109 176 de loligarchia et de la démocratia, et se prononce jiale

556 2781 2110 156 ment pour cette denière. <...> On sait d'ailleurs a

553 2896 2098 149 suffisance que plus d'un siolastique a recoume formelle

565 2998 2098 141 ment la souverainété du peuple et son droit à disposer

574 3098 2080 152 du pouvoir. Mais ces théories <....... ......>

568 3203 2089 129 n'’eurent pas la moindre action sur les bourgeoisies. On en

577 3311 2100 121 peut bien surprendre l'influence, au XIVe siecle, dans .

2519 17 103 135 156
