2713 3468
2539 23 145 89 332

506 104 2169 101 les réclamations des artisans lerbains, elles conploient sur¬

523 202 2132 107 tont des travailleurs libres < <.. ......> c'est à dire des ques

1457 170 130 72 <..>

503 289 2178 109 du plat-pays. <...> Cele-ci occupe dans tonte la Fande

506 381 2099 113 des millies de tésserands. Quant à celle-là, nous savons

526 491 2117 98 qu'autour d’'Andenarde elle était activement pratiquée

520 572 2117 133 dans une foule de paroisses. Les petits ateliers familiaux y

526 676 2158 130 étaient placés, par groupes de trentéa <...> sous la

2068 670 370 75 soixantje

506 774 2175 130 direction de "Winkelmeesters" au service des patrons de

514 878 2175 139 la ville. Tous les limanches, l’auvrage effectiée pordant

509 982 2180 119 la semaine était apporté à ceux-ci en échange de la

509 1080 2169 133 matière première destinée à être mise en veuvre peu¬

520 1193 1307 101 dant la semaine suiviante

1434 1424 177 78 11

584 1543 2097 133 Il fallait caraclériser avec quelque détail <....>

2276 1502 416 96 la mouvement

514 1664 2146 110 <..> économique du XVIe diech. pour faire comprendre

517 1768 2149 98 les transfornmations que présente à la même époque, l’exiq¬

514 1858 2167 112 tene des bourgevisies. Nom en avons dit asser pour montrer

520 1973 2123 102 combien leur situation diffère désormais de ce qu’elle avait

509 2054 2189 139 été au moyen ïge. Le monopale de l'industrie <. .......>

514 2170 2178 115 leur a cchappé. <...  ... ..>

509 2254 2151 144 <.... .... .... .. ... . . . . .>

514 2352 2138 147 <. ..... ... ... .. . ..> les gen du plat pays

509 2462 2143 118 ou se substituent maicitenant à leurs artisans privilégus

514 2572 2149 107 ouentrent en concurrence avec eux. Les progrès du capitalis

494 2653 2198 109 me comme les progrés de la tectuique et de la fabrication ne leuur

506 2768 2163 95 ont pas permés de manitenir intact <> système ceonomi¬

1955 2731 124 72 leus

523 2861 2140 118 que approprié aux besoins d'une époqué des pare. Sans

517 2970 2112 113 doutes il n'a pas peré enentier. Le protectionnisme ur¬

520 3080 2143 119 bain continue à donniser dans tont ce qui touche à

517 3193 2120 107 l'approvirionnement ds marché local. Les métiers

529 3300 2146 95 de l'alinentation mumicipale comervent leurs positioas
