2713 3468
546 80 2077 130 clènée et diminuée" qu'il n'y reste plus qu'envioon cent

2522 28 98 113 194

535 199 2128 118 métiers battant. A Gand, on n’en compte plus que viyt

540 303 2103 110 ceng en 1543. Et le spectacle est le même en Brabant.

532 404 2100 95 a Bruxelles, en 1637, il ne reste plus se tenituriers en

526 488 2111 118 bles; pour en attères un dans la ville, il faut lui pro¬

535 595 1452 95 mettre ue subside de bo florins

566 696 2115 130 Cette dechéance était fatale. Pour se maintenir, n offet¬

543 800 2141 116 en présence d'une coneurrencitardie et ravorisée rar

543 921 2135 84 le commerce auversois, la drspérie urbaine eût du renon¬

543 1005 2109 96 ces complètement à  son autiiqne organisation, abandonner

532 1089 2131 119 les procédés aux quelles une techuique sécmlaire l’avait

540 1176 2152 124 habituée, sacrifier aux n’écessités indus triels ses jer lee

549 1283 2094 86 proteutionnistes et tout l'attirait suranné <..> d'une

549 1349 2111 145 législation faite pour une époque dès parue. Mais pou¬

532 1453 2094 130 vaiton demander aux artisans de rompre avec un

532 1540 2163 139 régime qui l'eur paraissait lié à leur propre exis tence ? <..>

535 1635 2160 153 <..> étaient, ils capables de s'élever au desens de l’etroit

523 1739 2146 130 porison dans lequel ils avaient véen durant tant de

529 1832 2137 130 siècles (?). La réponce n'est pas douteuse. En réalite, le régime

540 1927 2129 145 des métiers <..... . .... ...> n'eut pe dispa¬

540 2011 2129 165 raître que par une révotution violente, que par une per¬

546 2115 2138 144 turtation totale <> régime mimicipal. Il était

1443 2092 121 75 du

537 2213 2129 142 trop vieux, trop profondément euraciné dans la tad¬

540 2317 2126 136 tion et ba coutume pour pouvois se modifier. Il vé

561 2410 2120 127 gita donc et se décrepit lentement. Toutes les mesures

561 2511 1695 113 prises pour luii venir en aide échonèrent

581 2612 2105 110 Mais <.. . .. .> la sécadence

1174 2586 486 61 contrastant avec

546 2707 2140 107 de la éraperie urbaine <.. ...  ..>

1515 2687 1145 78 la droperie rurale entre dans une voie

607 2765 659 58 d'étermants progrès

566 2791 2123 133 <..... .. .. ........... <........ .....>

552 2884 2134 138 <... ......> Condemnée durant tout le moyu

639 2953 1243 87 par les piivilèges et la jaluà ses grnnes rilles

535 2988 2157 121 âge ja ine égistence précaire et misérable avait com¬

2166 2979 118 81 elle

2305 2979 159 75 <...t

523 3083 2135 119 mencé <..> pendant la période bourquignonne,

537 3173 2152 107 <..> à s'épanouir ça et là̀ <.... .....> malgre

537 3257 2161 106 bieu des difficultés et des réclamations incessantes. Puis, tont

540 3343 2155 110 à coup, vers le fin du premier tiern du XVI^e siècle, elle pred
