2713 3513
2502 11 120 94 18)

509 67 2136 102 d Anesterdain, ne l’une ni l’autre ne veulent compren¬

506 172 2157 109 dr. <... .... .. .. .. ..> que leur

512 260 2121 114 privilèges sont la vraie cause de lur d'écadence parce qu’ils é¬

512 345 2098 120 cartent d'elles l'étranger. L'expérience ne leur sert de rien et

515 415 2115 152 elles restent dourdes à la voix des conseillers qui leurs prédivent q'en

503 524 2139 131 <.> à agir amme elles le font, elles détivéront trta¬

562 485 337 68 contiuuant

506 594 1374 129 lement le fait de la marchandse"

533 693 2106 129 Il'est don certain que, dans son conflit avec les villes <....>

509 802 2151 131 <....... .. les prnes souequiguores, tont

509 913 2142 94 en pocurenivant leur avantage agirent en somme dans

500 992 2189 129 l'intérêt publie. <. ....> Ils rallièrent entour

515 1091 2156 123 d’eux <..........> non seulement le clergé, le noblose

512 1188 2148 129 les paysares, mais encore <.. ....> cette classe d'hom¬

509 1293 2145 106 mes nouveaux qui, an XVe si ecle, inaugure une vie <.>¬

512 1378 2148 123 nigue dans laquelle le capitalisme <....  ...> tend

527 1475 2124 146 a La litre expausion. Bien plus: au seiu meme des villes il

521 1580 2115 129 <...... .> une bonne partie de la bourgeoiie

518 1668 2107 129 rèche se pronome pour eux. <...> U nombre de plus

536 1768 2124 140 en plus considerable de <.......> abandonnent décormais le con¬

1265 1765 416 55 ses membres

530 1858 2139 150 merce et cherchent au service de l'état une carrière houorable

530 1946 2130 158 et leurative. Génér par l'exclusivisme des métiers, <........>

533 2037 2068 155 <.......> inquiets cles ralentissement de A>

533 2119 2121 173 l'industrie urbaine <.>, les fils des patriciens en¬

533 2210 2162 187 trent en foule dans les carrières bbérales et le fonctionnarismes

542 2312 2147 173 Les nestitutions nouvelles créées par la centralisation mo

544 2438 2154 144 narchique, conseils de justère chambres des comptes, offices ad

539 2514 2138 170 ministratifs de toute sorte les <...> attirent toujeurs da¬

562 2605 2101 193 vantage, les détourvent de la politique minicipale et les

556 2716 2113 191 attacte au service du prince que les pare. De même que la

550 2816 2145 196 noblesse, à l'époque bourquignonne se transforme peu à peu

556 2921 2142 176 en une noblesse de cour, de même la paute bourgerisie <...>

562 3029 2142 150 <..... .. .... ......>

553 3138 2124 146 <........> fourit mainteciant au frence un

562 3226 2124 164 recrutement assuré pour les emplois que l'augmentation

571 3319 1365 158 de don pouvoir multiplie dans cesse
