2713 3490
544 72 2113 105 Preté de la contée indus trielle de Houdschoot et d'Armentié¬

541 197 2084 88 res, le mouvement se propage de ville en ville jesqu'aux extré¬

529 276 2087 107 mités des pap-Bas. <...... ... .. ...> Le peuple civit le

523 380 2134 91 moment venu de détruire l'idolâtré romaine". ses bandes tor¬

523 476 2137 99 cent les Eglies, y brisent ses ctatues, y lacèrent les tableaux et

518 564 2133 102 <.....> mélés à leurs rangs des pillards <...........>

523 654 2131 107 <... .. . ......> s'emparent avidement du rèche bu¬

532 764 1782 85 tee que le fanatisme religieux ne et à leur marci¬

620 834 2049 99 Philippe II s'empressa lui ausci de profiter de l'occasion. Depuis

526 924 2137 117 son avénement il n'avait cessé de capituler devant l'oppo

532 1015 2131 119 sition politique condente par Egmont et par Orange. L'ontrage

526 1113 2117 117 fait à l'Eglise leui permettait enfin de prendre sa revanche.

532 1189 2082 122 Dès l'été de 1567. le duc d'Albe revêtie de pouvoir illimités

529 1288 2093 125 et suivi d'une armée d'élite vient remplacer à Bux elles

526 1378 2169 140 la qivernaute Marguerite de Parme. Il n'a pas seulement

535 1489 2143 125 pour misaion de <..> punir les iconoclastes ; le roi l'a char¬

541 1576 2122 137 gé d'extirper l'hérésie et l'imposer aux Pys-Bas l’absolu¬

529 1681 2149 136 tisme dans touté sa rigueur. La vieille constitution des

547 1765 2064 154 provinces, respectée par charles Quint, ae est <.......>

544 1872 2119 152 foulée aux pieds. Le duc gouverne seul sans consulter le con¬

535 1957 2125 174 seil d 'Etat, saus couvoquer les Etats-Généraux. Quant aux

553 2064 2125 155 gandes villes, ce qui leur reste encore de privilèqu et d'anto¬

538 2152 2119 174 nomie <.......> est balayé par l'arbitraire. Le régime

532 2265 2134 151 imposé à Gaud <..> en 1540 devient celui de toutes les grandes

532 2379 2116 122 commnnes. Des citadelles sont construites à auvers à Valère¬

547 2454 2139 148 viennes, a Maestricht. Dès Albe coit sou veuvre eccom¬

547 2553 2125 148 plie. Il a repousse victoriesement <......> l'armée d

547 2643 2087 160 Guillaume d'orange, dérapité le principaux signeurs de

538 2739 2140 169 l'oppocition, fait exécuter par le feu, le glaive, la corde des

550 2838 2128 154 centaines d'iconoclastes, de caloinistes, de suspects. L0

564 2951 2134 134 beissance est partout ritablie par la terrens. Il écrit ou

550 3039 2119 125 roi qu'un simple correyidor suffir ait maintenants

567 3138 1025 96 pour administrer le pays.

608 3216 2078 125 mas sa tyrannie a exas péré la nation entière. Le régime

555 3321 2111 113 espaguel <. ......... ....> force n'est guère moins

858 3402 914 82 sous lquel il l'o courbée
