2713 3454
532 54 1216 127 leurs fonctions spisituelles.

2468 0 161 120 232

601 164 2051 123 tet ist lien en effet, le but qu'elle se propose dans le

518 273 2125 121 loux comtat qu'elle a soutencu contre eux. Ses mé¬

521 385 2131 107 tiers qui depuis 1603 ont acquis le droit de nommer di¬

506 492 2120 95 rectement les puis de conmeil et les deux bourgmertres

506 584 2155 106 ne luttent point comme en Flandre, pour la conserve¬

506 693 2166 107 tion de privilèges économiques. <. ... ....q

509 774 2137 112 Leur action est toute politique et leur idéal manifer¬

506 880 2178 107 tement républécain. Les longs procer qu'ils soutiement

509 981 2146 115 devant les tribnaux de l'Empire pour faire recon¬

498 1076 2099 124 naître Liege, au méprès de toute verité his torique

1028 1047 561 75 comme ville libre

509 1185 2085 118 <.. . .. ..> ne laissent pas le

506 1283 2149 115 moindre doute sur la nature de leurs desseins. A par

506 1384 2160 106 tis du commencement du XVII^e t à ile, la conflit prend

498 1473 2168 124 un caractère aign par suite des intrignes de la France et

512 1571 2114 124 des Provinces unies qui soutiennent contre le évêques

492 1669 2169 112 bavarois, Ferdinand et Maximilieu Heuri de Bavière

512 1773 2152 126 alléés de l'Epague, une agitation permanente. Deux

535 1876 2094 124 partis se forment au suis de la bourgeoisie : les Cher oux

515 1983 2149 106 <. .. ..... ... ..... ....>

489 2063 2186 133 et les Grignoux <.. .... ...> les premier se

495 2164 2169 124 ralliant autour des prnce, les seconds achamés à le com¬

504 2262 2168 138 battre. <.. .> L'anarchie s'empare de la vie pu¬

501 2354 2168 150 blique. Les brigues ébétorales, la corruption, l’'interven¬

504 2446 2177 161 tion continuelle des résidents que ltrance, les Provinces

512 2538 2100 156 uies et l'Espague entretiennent dans la cité. y

527 2642 2073 152 provoquent des troubles de plus en plus grâves. Le prince

506 2751 2120 135 casse vainement le règlement de 1603. Le bourg.

498 2840 2128 147 mestre Labuelle, l'un des chefs le plus populaires da

515 2944 2102 141 <...> l'oppoution est vainement assachiné en 16 37

512 3056 2149 113 D 1649 a 1684, aiux autres bourgmertres montent sur

518 3151 2140 130 l'échafand. Ce ne fut qu'à cette dat, en effet, que Ma¬

518 3258 2148 112 xi milien Heire de Bavière <......> parvint à impoer
