2713 3438
473 45 2036 126 s’appuyant sur les paysans de la région ma¬

470 166 2053 106 rétime uu gouvernement revolutionnaire, confis¬

484 263 1982 118 quent les bies de rèches, s’emparent du coute

464 372 2031 106 et ne se soumettent enfin qu’après l’épouvantable

473 475 1941 118 défaite que le rot de France vient leur infliger

473 578 1964 118 lui même à Cassel (1326). Un peu plus tard.

464 707 2036 92 lorsque, au commencement de la guerre de cent aus

481 802 2002 109 Jacques vou Arterelde a donvé à Gand, grâce à

461 908 2013 97 son alliance avec Edonard iI de h éxémonie sur

464 1019 2048 106 toute la F landre, ce sont encore les tisserands qui

478 1128 1956 112 prctendent <.....> dominer le celèbe triben, lei

467 1240 2065 106 duter sa conduite et qui finalement le socrifient à

478 1335 2103 123 leurs intérêts et provoquent sa mort tragique ().

499 1432 2070 100 Sous Louis de Male <....>, leur ardace et leur <....>

484 1558 2094 86 <.... ...> enerqu atteigoient au parvex isme. Du¬

473 1641 2033 100 rant dix ans, et à travere du péripéties étonnantes, ils

484 1747 2056 98 <.> tiennent tête ou prince, à la noblesse, à

487 1856 2068 112 toutes les bonner gens "qui ont à perdren. <. .>

487 1942 2062 112 <....  ...>. La haine p qu’ils <..>

542 2008 1525 86 excitent cher, les partisans, de l'ordre établé

478 2065 2103 109 <........ <... .. ...ia d'egal ene

467 2151 2045 118 l'effoi qu'ils leurs inspisent. Mais leur exemple

476 2271 2064 86 aerinme à l'extérieur <.  > tous

481 2352 2074 114 ceux qui souffrent ou qui protestent contre leur gouver¬

476 2463 2090 92 noment. Les Liéglais leur envoyent les vivrer; en Brabaut,

470 2535 2047 132 les artisans joiguent. leurs efforts aux leurr, en France

478 2641 2037 120 turtout, .> succés provoquent <.... ........>

470 2744 2128 112 enthousiosime du peuple. Les erentiers du grades ville

481 2839 2080 109 se soulèvent au cri de "Vive Gand et il faut qu’un fois

487 2942 2085 106 de plu, le roi convoque ses troispes et <....> vienne in¬

499 3039 2102 126 fliger à Rooschèke, une nouvelle dé́faite aux"<... .>

493 3131 527 115 tisséamts".
