2713 3471
535 40 1902 98 une amende de 150. 000 "carolus à d'os, une

538 138 2122 113 rente perpétuelle de 60ud carolui: eet elle reubour¬

547 240 2113 112 sera tous ceux qu'elle a contraints à ls faire des

541 347 1320 104 avances pendant les troubles

579 445 2096 119 Le lendemain 30 avvil, fut proclamée la concessioin

541 558 2125 118 Caroline, qui abolissaits pour toujours l'autique cons¬

538 653 2033 104 titution gautoise, et qui devait rester en vigneur

555 737 2134 119 jusqu'à le fus de l'Ancien Régime. Elle ne se contente pa¬

538 841 2096 101 de mettre les écheoins de Gaud <.... .. ...>

538 931 2122 104 <..> comme l'étaient ceux des autres villes des Pay-Bas

535 1018 2143 112 à la nomination du prince: elle supprime encore <...> les

529 1093 2152 139 trois"membres" de la bourgeoisée et veut que toute la

544 1191 2128 139 population ne forme plui à l'avenir" qu'un sent corpo

529 1287 2137 121 et com mumauté". La collace, c'est à dire le grand

535 1373 2140 136 conseil de la commne n'existera plus : il est remplacé

541 1472 2137 130 par la rennion de quelques délégnés des paroisses cha

529 1556 2152 136 sis par le bailli et <. ...> l'échevinage et décidant à la

538 1645 2125 139 <.......> majorité des voix Les métiers sont réduit

529 1755 2140 113 au rôle de simples groupements industriels étroite

532 1845 2120 130 ment doumis au pouvoir de police des magistrats¬

526 1940 2149 119 Leurs doyons sont remplacis par des ovelsten instituées

532 2036 2154 133 par le baillé et les échevins: <....... .......>

529 2134 2111 96 <..  ........> leur classement est modifié

535 2221 2140 113 de fonds en comfle et mis en harmonie avec les transfor¬

526 2322 2143 104 mations srbier par l'orgonisation économique. une foule

535 2421 2149 98 de corporations su corvespondant plus à aucu besoin sont

526 2510 2085 93 abolies ; de cinquante trois leur nombre sombe à

521 2603 2165 107 vingl- et-un. Eu dehors de sa baulieue, la ville perd les

529 2713 2149 107 derniers restes du pouvoir qu'elle avait consérvé sur

524 2794 2160 107 la châtelleure <. ... . .. .... .. ....>

518 2889 2142 122 ainsi que le droit de créer des bourgeois forains. Enfin

524 2990 2110 104 pour garantir à l'avenir son obéissance, un château

521 3077 2131 113 fort va d'élever sur l'emplaceament des vieux monas¬

524 3161 2151 90 tère de saint-Bavon, aù confeuent de l'Escaut et de

524 3242 2162 104 la Lys. On en commenca les travaux pendant que

524 3332 2139 115 des supplices journaliers épouvantaient la population

2449 20 127 124 209
