2713 3438
2391 5 158 75 141

619 40 1930 149 Après la bataille de Contrai, l'essue du double cou¬

605 146 1978 123 flit politique qui tenait la Flandre en suspeus.

2279 197 104 57 d

607 220 1968 135 <.> n'était plus douteuse. <.. ... . ..>

605 306 1987 126 Le comté révint a la maison de Dampierre et le régine

610 381 1965 140 dénmocratique s'implanta dans toutes les villes. Phi¬

616 487 1970 131 cippe le rel et les patriciens furent, vaincus en même

605 578 2004 121 temps. Le roi ent beau durant les onnées suivantes, ent

610 670 1988 115 tre sur pied de nouvelles Troupes et les conduire lui-même

613 770 1962 103 au combat, tous ses efforts échonèrent dévant les ar¬

2520 776 104 123 le

605 845 2004 137 mecs communales, plus indomptalles à mesure que <...>

607 954 1965 120 succes augmenti <..> leur confiance en elles. mêmes.

619 1045 1979 126 Il dut se résigner à traiter. Le fils de Gui de Dampierre

622 1140 1979 114 Robert de Bettune, accepta pour obtenir la reconnais¬

622 1234 1953 121 sance officielle de ses droits les stapulations de la faix

633 1337 1968 124 d'Athis (puin 1005). Elle c’edait à la France les châtelle¬

630 1441 1913 123 nies de tille, de Dovas et de Bethune, imposait à la

1964 1415 72 69 et

633 1529 1945 118 Flandre outre une <> loundlé endemnité de

651 1618 1975 138 guerre, l'obligation de démolir toutes ses forteresses et

636 1713 1993 126 d'humibientes amendes honorabler. Ees y consentant, Ro¬

651 1819 1961 120 bert de Bethune n'avait évidemment pris soucé que de

645 1896 1970 123 tes intérêts de prince. <..> La cause de la dynas¬

651 2016 1990 106 tie et celle du peuples, unies pendant la lulle, se séparaient

630 2105 1994 109 l'une de l'autre. Mais le "commua", qui avait été soi¬

659 2197 1956 123 qu'enrement exclu des né́gociations de la paix, refusa

659 2297 1982 103 obstinément de se soueaettre. <... .....>

659 2386 1942 109 <...> D'ailleurs la rentrée dans le pays des Le¬

662 2469 1973 120 bairts enngrés lu fais aite craindre que le traite ient

656 2564 1959 131 été q'une mactination ourdie contre lui par le roi

659 2675 1947 106 le comte et les patriciens. La guerre reprit bientôt et

665 2776 1950 91 Robert de Bethnne lui même, mécontient de l’attitude de

685 2870 1933 106 la couronne à son égard finit par y prendre part. Louis

671 2953 1944 132 X s btelippi l Long ne renssirent pas mieux que Phibpipe

668 3054 1961 114 Le Bel. <....> Les troupes frauçaises ne purent pran¬

673 3145 1928 92 chir le cour de la Lys. Partont, elles tronvèrent devant elles

685 3240 1936 106 les gros bataillons des communes, et, manifesteurent, elles
