820 1302
716 2 51 34 174

28.0 28.0 768.0 33.0 Brugmans me raconte que De Vreese a exaspéré

17.0 43.0 780.0 50.0 tout le personnel de la bibliothèque en déclarant

21.0 71.0 782.0 54.0 que les Allemands n'ont fait rien que de légitime

20.0 104.0 757.0 54.0 en Belgique! Il dirait la même chose des Français

20.0 133.0 767.0 57.0 s ils étaient ici. Et c'est là un défenseur du peuple

23.0 164.0 779.0 57.0 flamand. Ce que lui et quelques autres défendaient

24.0 195.0 748.0 52.0 c'était une langue, ce n était pas un peuple. Et -

19.0 232.0 772.0 45.0 maintenant eux jadis si vertueux, ils construi¬

23.0 266.0 201.0 36.0 ront la leur.

29 284 790 61 Lu la lettre du Cardinal que m'a prêtée R. de Sa¬

28.0 315.0 780.0 61.0 gher. C'est un peu long, mais courageux et souvent

21.0 345.0 762.0 58.0 sensé. Il fait le relevé des prêtres tués dont il cite

9.0 380.0 793.0 54.0 une quarantaine, affirme sous serment qu'aucun

11.0 412.0 789.0 57.0 d'eux n'a excité à la résistance, parle comme il le

14.0 443.0 769.0 57.0 faut du Roi et de la reine et surtout de nos morts qui

19.0 476.0 781.0 52.0 dit-il, ont gagné le ciel. "Ce pouvoir, dit-il en par¬

15.0 509.0 771.0 48.0 lant du gouvernement allemand, n est pas une

14.0 540.0 782.0 51.0 autorité légitime. Et dès lors dans l'intime de

16.0 575.0 783.0 47.0 votre âme, vous ne lui devez ni estime, ni atta¬

15.0 604.0 769.0 52.0 chement ni obéissance". Mais il ne faut pas le

11.0 636.0 776.0 57.0 braver puisqu’il a la force. Quant à la libération

13.0 672.0 783.0 50.0 du territoire, elle est certaine. Patriotisme et Endu¬

11.0 710.0 773.0 45.0 rance. (Noël 1914).- On ne lira donc pas cette

7.0 737.0 764.0 49.0 lettre dans les églises, Mais on la lira chez soi et à

15.0 775.0 773.0 45.0 l'étranger, et il est impossible qu'elle n'agisse pas

10.0 807.0 576.0 44.0 comme le Mars Gallicus de Jansénius.

22.0 838.0 762.0 53.0 Je lis encore la réponse de Church, président de l'Ins¬

11.0 874.0 768.0 53.0 titut Carnegie de Pittsburgh aux 93 imposteurs. Il

9.0 908.0 780.0 48.0 déclare que l’Allemagne s'est à tout jamais dé¬

7.0 950.0 143.0 34.0 shonorée

10.0 968.0 765.0 52.0 Comme repoussoir à ce langage d'humanité, un

9.0 1004.0 758.0 47.0 article furibond de Scheurer contre l'Angleterre

8.0 1037.0 787.0 48.0 dans la Köln. Zeit. du 10 janv. C'est le langage d'un

6.0 1069.0 792.0 46.0 fanatique, d'un brigand et d'un esclave. L'Angleterre

4.0 1101.0 791.0 48.0 a ruiné par Édouard VII son idéal germanique! Quel

8.0 1135.0 766.0 40.0 malheur pour elle. Elle aurait pu se partager le

7.0 1164.0 773.0 38.0 monde avec l'Allemagne.- C'est incroyable, et

7.0 1191.0 773.0 42.0 c'est pourtant strictement ce qu'il dit. Il ne comprend

3.0 1222.0 787.0 45.0 donc pas que l'influence du roi n'existe qu'en Prusse. Il

6.0 1257.0 784.0 42.0 ne voit donc pas que si l'Angleterre tente économiquement
