864 1307
802 25 62 1 160

55 13 781 40 guerres d'intérêt (Angleterre) guerres d'équilibre

49 46 789 45 contre la guerre de magnificence de l'Espagne et de la

45 78 120 38 France.

45 118 787 43 A la Révolution, guerre de propagande qui se trans¬

46 154 773 42 forme bientôt en guerre de magnificence <....> à

49 182 789 54 laquelle répond la guerre d'intérêts (Angleterre) et

40 214 184 38 d'équilibre.

41 245 800 42 Mais en même temps commence à apparaître à la

40 278 802 41 fin de l'Empire la guerre nationale - en Allemagne.

35 311 806 39 Depuis lors, cette espèce se multiplie. Celle d’aujourd'hui

35 343 809 41 dans son fonds est partout une guerre nationale. Mais

32 374 813 44 elle ne l'est peut-être purement qu'en France. Pour l'Angle¬

38 412 807 38 terre elle est avant tout une guerre d'intérêts comme

35 443 802 38 celle contre Napoléon. Pour l'Allemagne, elle est aussi

32 479 787 39 une guerre d'expansion économique. En Autriche

30 510 813 38 et en Russie, la tradition du XVIIIe s. se conserve mieux. Il

35 546 801 39 faut pénétrer en Orient et le vieux conflit. Catherine -

27 581 329 40 Habsbourg réapparaît.

34 613 807 42 Pour nous, c'est une simple guerre de défense contre la force.

23 650 815 37 L'Alemagne a violé notre neutralité par raison d'État

22 682 810 36 autant que par raison stratégique. Dans tout ce conflit

23 709 808 40 où luttent les intérêts et les passions nationales, nous som¬

23 740 809 42 mes seuls à défendre le droit. Et sa défense apparaît com¬

23 771 814 43 me d'autant plus éclatante que les belligérants et surtout

22 803 797 41 l'Allemagne le respectent moins, en renouant à des

23 835 812 42 procédés de guerre qui violent toutes les conventions inter¬

19 866 190 33 nationales.

25 900 786 42 Celle-ci aurait-elle plus de force après la guerre? Oui sans

20 933 799 36 doute si l'Allemagne devait l'emporter. Ce serait le tri¬

19 967 794 39 omphe du nationalisme le plus exclusif. Au contraire

17 999 787 42 il est impossible qu'elles ne prennent pas une vigueur

15 1029 798 39 nouvelle par la victoire de la France et de l’Angleterre qui

20 1056 799 48 d'abord, défendant la Belgique défendent le droit et qui,

14 1091 807 37 de plus, trouveront une garantie dans ces conventions.

15 1120 765 39 Si on en arrive là, on pourra se consoler de tout le sang

16 1157 795 36 versé et notre pauvre Pierre, si noble et si jeune ne sera pas mort

11 1189 801 40 en vain, si hélas comme je le crains nous devons le pleurer

14 1226 807 42 Ce qu il y a de hideux et de néfaste dans le nationalisme allemand,

11 1260 812 40 c'est qu'il s'appuie sur le militarisme prussien d'ancien régime
