850 1291
738.0 6.0 39.0 27.0 173

43.0 22.0 789.0 37.0 ne soient pas plus forts. Alors, ils ont l’avantage écra¬

37.0 48.0 790.0 38.0 sant, à mérite égal, d'avoir des troupes beaucoup

38.0 76.0 784.0 35.0 plus nombreuses. Mais je me demande même si les

39.0 107.0 774.0 43.0 alliés ne sont pas plus forts stratégiquement. Car, bien

44.0 143.0 788.0 38.0 que surpris en formation, ils ont fait échouer le plan d'at¬

43.0 175.0 785.0 41.0 taque sur Paris; puis ils ont par leur mouvement enve¬

37.0 207.0 785.0 42.0 loppant obligé l'Allemagne à étendre sa ligne vers

40.0 240.0 783.0 41.0 le nord, puis ils l'ont empêchée d'arriver à Calais.

43.0 275.0 783.0 39.0 De l'autre côté, les Autrichiens se sont fait battre

38.0 308.0 790.0 37.0 même par les Serbes! Quant au plan d’envahissement

38.0 333.0 789.0 46.0 de Pologne, je lis dans le N. Rott. Courant d hier (12) qu il

37.0 370.0 791.0 43.0 faut, renoncer parce que les pertes qu’il entraînerait

41.0 405.0 787.0 40.0 sont sans proportions avec son avantage politique.

36.0 433.0 794.0 46.0 Alors, l'Allemagne va-t-elle se borner sur les deux fronts

35.0 467.0 226.0 45.0 à la défensive?

51.0 505.0 769.0 47.0 Je retiens enfin une dernière infériorité pour elle.

29.0 543.0 791.0 37.0 La maladresse de la diplomatie. L'invasion de la Bel¬

36.0 570.0 795.0 43.0 gique a révolté l'opinion contre elle, comme l'exécution

38.0 602.0 796.0 41.0 de Louis XVI a révolté contre la France l’opinion euro¬

35.0 632.0 776.0 43.0 péenne. Mais l'exécution a en revanche donné

30.0 669.0 794.0 37.0 aux terroristes une énergie indomptable en leur fai¬

29.0 693.0 786.0 48.0 sant comprendre qu ils jouaient leur tête. Ce qu'elle a

35.0 725.0 792.0 48.0 fait perdre aussi d'un côté, elle l'a fait regagner

31.0 760.0 796.0 42.0 de l'autre. Au contraire l'invasion Belgique a trou¬

35.0 791.0 785.0 47.0 blé ce qu'il y a de meilleur en Allemagne. Au lieu d'être

30.0 829.0 787.0 44.0 un surplus de force, pour elle c’est une faiblesse. On le

30.0 861.0 772.0 44.0 voit bien aux excuses mensongères qu'elle s'acharne

31.0 890.0 184.0 39.0 à en trouver.

33 919 789 53 Je vais porter à la poste les lettres: Gossart, Lonchay, Rutot

29.0 960.0 795.0 50.0 Hayez, que les membres de l'Académie ont prié Pelseneer

30.0 997.0 325.0 40.0 et moi de leur envoyer.

36.0 1025.0 767.0 43.0 On prépare des lits à l'université pour les éclopés qui

30.0 1063.0 784.0 41.0 arrivent en trop grand nombre paraît-il aux ambu¬

37.0 1090.0 107.0 34.0 lances

36.0 1123.0 737.0 42.0 Uni: la Bibliothèque portu! Brugmans lu articles

36.0 1155.0 742.0 41.0 Stavele et Stepelin pour la Biographie nationale

13.0 1187.0 749.0 43.0 ainsi que son compte-rendu de la séance des

19.0 1218.0 792.0 45.0 Membres de l'Acad. revu par Pelseneer et par

26.0 1251.0 102.0 37.0 moi.
