856 1322
729 4 49 32 216

25.0 33.0 767.0 52.0 litique. On comprend les guerres de Religion dans

22.0 49.0 774.0 63.0 lesquelles il s'agissait du salut. On comprend les

25.0 79.0 783.0 71.0 guerres politiques du XVIIe et du XVIIIe s. faites avec des petites

22.0 113.0 784.0 67.0 armées de mercenaires. Mais ici! Les peuples font

27.0 152.0 771.0 67.0 faucher leur jeunesse pour quoi? N'y a-t-il un jour

24.0 174.0 791.0 71.0 une idée nouvelle? Un but supérieur à atteindre? Je ne

24.0 209.0 790.0 66.0 vois luttant l'une contre l’autre que des idées de prépon¬

27.0 237.0 773.0 67.0 dérance nationale. La victoire de l'un des partis sur

27.0 266.0 794.0 68.0 l’autre sera certainement une catastrophe affreuse

26.0 300.0 787.0 73.0 pour le vaincu. Et qu’en retirera le vainqueur? Une pré¬

28.0 333.0 786.0 77.0 pondérance matérielle peut-être mais morale jamais

26.0 364.0 771.0 75.0 tant les haines seront excitées contre lui. Après les

24.0 393.0 789.0 85.0 victoires de Louis XIV, les peuples battus imitaient la

30.0 442.0 783.0 68.0 France, parce qu'ils ne se sentaient pas humiliés par

26.0 466.0 800.0 66.0 elle autrement que dans leurs armées! Mais ici! Il faut

26.0 499.0 800.0 69.0 avoir perdu le sens critique et le sens moral pour penser

26.0 534.0 791.0 68.0 avec un Eucken que la victoire de son peuple sera la victoire

28.0 566.0 792.0 70.0 d'une civilisation supérieure. En réalité on se débat et on

29.0 602.0 790.0 62.0 combat dans le plus pur matérialisme. Qui de nous, qui

31.0 637.0 789.0 63.0 de nous va devenir un Dieu? Après tout ceci je ne vois guère

30.0 680.0 671.0 53.0 de salut que dans un socialisme spiritualisé.

36.0 710.0 775.0 61.0 La conduite des neutres - sauf la charité Américaine -

34.0 742.0 784.0 66.0 est aussi répugnante que celles des belligérants. Chacun

34.0 772.0 787.0 64.0 ne parle que de ses intérêts. L'Italie à ce point de vue est à

34.0 805.0 791.0 60.0 vomir. La Hollande s'enfonce dans la pleutrerie. Le pape

35.0 842.0 793.0 55.0 semble vouloir affirmer que c'en est fait de son auto¬

31.0 871.0 779.0 58.0 rité morale. Le protestantisme se distancie plus encore

34.0 902.0 798.0 61.0 en se mettant au serirce des passions nationales et en

35.0 935.0 791.0 60.0 déversant la calomnie sur ses ennemis. Quant aux in¬

37.0 977.0 482.0 45.0 tellectuels on a vu où ils en sont!

35.0 1003.0 794.0 59.0 Le pire est peut-être qu’au milieu du déchaînement des pas¬

38.0 1039.0 778.0 53.0 sions nationales, on en revient aux procédés de l'Ancien

36.0 1070.0 793.0 61.0 Régime. Il n'y a plus de liberté de la presse. On reprend les lois

38.0 1107.0 789.0 55.0 du Maximum, des secapects. On se trouve en présence de gou¬

37.0 1140.0 789.0 53.0 vernements en fait irresponsables. Le droit international

35.0 1178.0 299.0 41.0 s'en va à vau l'eau.

39.0 1196.0 788.0 61.0 Dans tout cela, le plus hideux c'est l'Allemagne et sa

40.0 1231.0 780.0 54.0 victoire serait certainement le péril essentiel, par

45 1262 810 57 le débordement d'exclusivisme, d'égoïsme et d'ontrecuidance
