858 1335
728 4 49 22 217

18.0 20.0 776.0 62.0 qui en serait la suite. On peut supposer, de la part

17.0 45.0 785.0 72.0 de la France et de l'Angleterre, de la part même de la Russie

20.0 84.0 792.0 63.0 un renouveau moral après la guerre. Les deux premiè¬

16.0 114.0 786.0 64.0 res sont, par leur tradition et par la situation qu'elles

14.0 147.0 791.0 68.0 ont été forcées de prendre, des puissances européennes.

12.0 178.0 784.0 71.0 L'autre est en plein travail de renouveau. Quant à

17.0 216.0 780.0 61.0 l'Allemagne, sa victoire, ne sera que celle de son ex¬

16.0 243.0 786.0 69.0 clusivisme national: Inhaltskultur! Et il suffit de

15.0 278.0 785.0 67.0 voir où cette InhaltsKultur l'a menée pour voir quel

14.0 310.0 803.0 67.0 en serait le résultat pour les autres. Ce qu'il a de beau

16.0 350.0 798.0 61.0 l'héroïsme et le sacrifice à la cause nationale est jus¬

21.0 383.0 790.0 65.0 tement ce qui serait pour les vaincus le plus horrible

22.0 416.0 790.0 67.0 des dangers. Plus <...> l'Allemagne s'est confinée dans

20.0 451.0 805.0 61.0 son orgueilleux nationalisme, plus elle s'est mise à part

22.0 483.0 749.0 58.0 de l'Europe et de l'humanité. Et elle s'étonne d'être

23.0 515.0 778.0 59.0 haïe! Mais quand donc a-t-elle pensé aux autres?

23.0 551.0 796.0 60.0 Quand a-t- elle dit ou pensé que son triomphe serait

23.0 586.0 786.0 61.0 autre chose que son triomphe? Qu'a donc opposé le ger¬

26.0 623.0 774.0 55.0 manisme aux autres formes de civilisation? Qui a

26.0 659.0 787.0 51.0 donc combattu à outrance le cosmopolitisme, c'est

27.0 690.0 780.0 58.0 à dire l'humanité? Qui a donc fait de la religion

26.0 728.0 795.0 52.0 une affaire nationale? Qui a donc répandu, jus¬

30.0 762.0 783.0 57.0 que dans l'art, le culte de la force? Qui a donc dé¬

26.0 792.0 788.0 55.0 chaîné les luttes de langues et de races? Qui a traité les

31.0 826.0 798.0 57.0 peuples conquis comme on voit traiter les Polonais ou les Al¬

32.0 861.0 778.0 55.0 saciens? Qui a en Amérique, en Belgique maintenu

33.0 893.0 791.0 54.0 orgueilleusement ses nationaux par des Deutsche Schulen

30.0 927.0 797.0 50.0 et toute une organisation savante d’espionnage et de guerre

32.0 957.0 780.0 58.0 latente contre les populations? Il y a là sans doute de la

34.0 999.0 777.0 51.0 force et de la grandeur. Mais cette force et cette grandeur

33.0 1037.0 792.0 42.0 étant incommunicables constituent pour les autres une

32.0 1064.0 781.0 54.0 menace et un péril. Le triomphe de l'Allemagne ce serait

36.0 1099.0 766.0 54.0 la servitude du monde sous l'Allemagne. Il faut être

36.0 1132.0 785.0 46.0 allemand pour concevoir la possibilité d'une telle ca¬

40.0 1168.0 776.0 50.0 tastrophe et pour y voir un bonheur pour la civilisation.

37.0 1203.0 789.0 50.0 C'en serait la fin, puisque ce serait le remplacement par

37.0 1231.0 774.0 55.0 une seule de toutes les énergies européennes. Le triomphe

45.0 1261.0 801.0 60.0 des alliés n'est pas incompatible avec la liberté de l'Allemgne.
