844 1326
723 7 45 34 157

48.0 11.0 610.0 47.0 courageusement des nouvelles de Jacques

54.0 36.0 767.0 47.0 Comme je révasse une musique allemande passe

46.0 59.0 778.0 54.0 dans la rue pour me rappeler à la réalité: qu'ils

53.0 89.0 775.0 51.0 jouent. Ils ne doivent plus en avoir pour longtemps

51.0 118.0 779.0 47.0 Car enfin ils sont pris entre deux murs de fer ne

48.0 140.0 778.0 63.0 menant nulle part. Leurs hommes et leurs finances

35 173 796 65 s'épuisent. Les Turcs ne font rien. Les Autrichiens se

24 206 812 53 font battre. L'opinion du monde est contre l'Al¬

35.0 239.0 791.0 59.0 lemagne. La mer lui est fermée. Les bombarde¬

32.0 278.0 795.0 54.0 ments comme ceux de Scarborough, indiquent de

29 316 813 55 l'affolement ou un paroxysme me dangereux d'ou¬

34.0 349.0 787.0 52.0 trecuidance brutale. Brutalité qui continue à

28 383 794 59 s'affirmer chez nous avec la paperasserie militaire

28 419 814 57 Quelle chance de l’emporter avaient-ils encore ?

25.0 456.0 784.0 58.0 Leurs gros canons? Mais il faudrait pour cela qu'ils

28.0 495.0 798.0 54.0 fussent devant des forteresses. Ces gros canons ajoutent

28.0 533.0 800.0 49.0 lourdement à la posture ridicule de l'Allemagne.

30.0 567.0 798.0 52.0 Car je veux bien qu'elle soit héroïque. Mais elle est

17.0 607.0 812.0 46.0 ridicule aussi après l'échec du camp sur Paris puis

24.0 637.0 795.0 50.0 du camp sur Calais. A nous sur la campagne si

22.0 678.0 795.0 42.0 minutieusement préparée comme un beau crime

21.0 716.0 806.0 38.0 une affaire Peltzer, a raté faute d'avoir compté avec

18.0 742.0 807.0 52.0 les causes morales. Le flamingantisme, l'ulstérisme

18.0 782.0 804.0 46.0 et le caillotisme ont disparu du jour de la déclara¬

21.0 818.0 224.0 41.0 tion de guerre.

22.0 845.0 776.0 48.0 Du côté des alliés, l'esprit est excellent, d'après tous les

14.0 885.0 799.0 40.0 renseignements. C'en est fini de la désorganisation

14.0 921.0 800.0 38.0 des premiers jours. Les hommes arrivent en masse et

15.0 955.0 793.0 40.0 aussi le matériel. La Belgique, profitant de l'indiqua¬

14.0 986.0 782.0 46.0 tion de l'Europe, se montre héroïque jusqu'au bout.

8.0 1019.0 807.0 44.0 Son roi est à jamais lié au peuple et fait l'admiration

9.0 1055.0 808.0 36.0 du monde. Le ravitaillement est assuré et aussi

7.0 1086.0 194.0 44.0 les finances

15.0 1122.0 791.0 48.0 On dit que l'Allemagne tiendra en Belgique à l'in¬

11.0 1161.0 786.0 52.0 fini et que notre pauvre pays lui constitue un gage

9.0 1196.0 794.0 48.0 pour la discussion de la paix. Mais à supposer même

7.0 1230.0 780.0 48.0 qu'elle se tienne à Anvers Namur et Liège si elle est

7.0 1265.0 810.0 48.0 battue, il faudra bien lui céder. Et les neutres ne peuvent
