<?xml version='1.0' encoding='utf-8'?>
<alto xmlns="http://www.loc.gov/standards/alto/ns-v4#" xmlns:xsi="http://www.w3.org/2001/XMLSchema-instance" xsi:schemaLocation="http://www.loc.gov/standards/alto/ns-v4# http://www.loc.gov/standards/alto/v4/alto-4-2.xsd">
  <Description>
    <MeasurementUnit>pixel</MeasurementUnit>
    <sourceImageInformation>
      <fileName>ARCH-DIV-000494_0068.png</fileName>
    </sourceImageInformation>
  </Description>
  <Tags>
    <OtherTag ID="BT37" LABEL="MainZone" DESCRIPTION="block type MainZone" /><OtherTag ID="BT38" LABEL="MarginTextZone" DESCRIPTION="block type MarginTextZone" /><OtherTag ID="BT39" LABEL="NumberingZone" DESCRIPTION="block type NumberingZone" /><OtherTag ID="BT40" LABEL="TitlePageZone" DESCRIPTION="block type TitlePageZone" /><OtherTag ID="BT41" LABEL="CustomZone:Numbering" DESCRIPTION="block type CustomZone:Numbering" /><OtherTag ID="BT48" LABEL="MarginTextZone:lower" DESCRIPTION="block type MarginTextZone:lower" /><OtherTag ID="BT84" LABEL="MarginTextZone:low" DESCRIPTION="block type MarginTextZone:low" />
    <OtherTag ID="LT26" LABEL="default" DESCRIPTION="line type default" /><OtherTag ID="LT27" LABEL="DefaultLine" DESCRIPTION="line type DefaultLine" /><OtherTag ID="LT28" LABEL="HeadingLine" DESCRIPTION="line type HeadingLine" /><OtherTag ID="LT29" LABEL="InterlinearLine:addition" DESCRIPTION="line type InterlinearLine:addition" /><OtherTag ID="LT30" LABEL="InterlinearLine:correction" DESCRIPTION="line type InterlinearLine:correction" />
  </Tags>
  <Layout>
    <Page WIDTH="2713" HEIGHT="3481" PHYSICAL_IMG_NR="63" ID="eSc_dummypage_">
      <PrintSpace HPOS="0" VPOS="0" WIDTH="2713" HEIGHT="3481">
        <TextBlock HPOS="2534.0" VPOS="15.0" WIDTH="168.0" HEIGHT="92.0" ID="eSc_textblock_2e6dd935" TAGREFS="BT39">
          <Shape><Polygon POINTS="2534 15 2566 98 2616 101 2702 107 2702 15" /></Shape>
          <TextLine ID="eSc_line_0609699a" TAGREFS="LT27" BASELINE="2576 59 2681 78" HPOS="2567.0" VPOS="17.0" WIDTH="114.0" HEIGHT="81.0">
            <Shape><Polygon POINTS="2666 17 2637 17 2608 17 2579 17 2573 58 2567 98 2672 92 2678 75 2681 17 2666 17" /></Shape>
	    <String CONTENT="60" HPOS="2567.0" VPOS="17.0" WIDTH="114.0" HEIGHT="81.0" />
          </TextLine>
        </TextBlock>
        <TextBlock HPOS="491.0" VPOS="54.0" WIDTH="2217.0" HEIGHT="3416.0" ID="eSc_textblock_499fa37b" TAGREFS="BT37">
          <Shape><Polygon POINTS="533 54 491 3470 2703 3434 2708 109 2530 89" /></Shape>
          <TextLine ID="eSc_line_6375664e" TAGREFS="LT27" BASELINE="630 150 1346 131 2455 127 2683 141" HPOS="626.0" VPOS="66.0" WIDTH="2055.0" HEIGHT="96.0">
            <Shape><Polygon POINTS="2628 101 2599 95 2512 87 2184 87 2158 81 2048 81 2036 78 2022 87 2007 87 1970 78 1874 78 1857 75 1839 87 1830 89 1671 72 1555 72 1526 69 1462 69 1442 87 1436 89 1395 75 1386 75 1349 92 1262 66 1180 66 1146 95 1061 66 954 92 844 69 652 69 626 81 629 159 2298 162 2335 145 2678 156 2681 139 2640 101 2628 101" /></Shape>
	    <String CONTENT="Celle que l’on trouva fut une sorte de compromis entre" HPOS="626.0" VPOS="66.0" WIDTH="2055.0" HEIGHT="96.0" />
          </TextLine>
          <TextLine ID="eSc_line_827bb0d1" TAGREFS="LT27" BASELINE="588 249 2033 208 2670 208" HPOS="583.0" VPOS="145.0" WIDTH="2086.0" HEIGHT="130.0">
            <Shape><Polygon POINTS="586 246 586 275 1076 275 1076 272 1288 249 1450 263 1505 243 1680 255 1732 237 2028 243 2068 229 2152 246 2347 223 2605 234 2669 217 2669 205 2666 159 2347 145 2300 168 2202 168 2179 147 2063 147 2028 162 1839 153 1558 182 1384 171 1204 188 1137 174 1105 171 1076 194 832 197 792 179 780 179 780 182 760 197 737 179 583 179 586 246" /></Shape>
	    <String CONTENT="les prérogatives du prince et les tendances commu¬" HPOS="583.0" VPOS="145.0" WIDTH="2086.0" HEIGHT="130.0" />
          </TextLine>
          <TextLine ID="eSc_line_a8d4b47e" TAGREFS="LT27" BASELINE="572 340 1697 309 2664 297" HPOS="568.0" VPOS="237.0" WIDTH="2095.0" HEIGHT="128.0">
            <Shape><Polygon POINTS="571 339 571 351 705 365 1149 342 1775 342 1796 327 2599 327 2599 324 2663 307 2663 295 2657 252 2321 237 2292 255 2251 240 2019 258 1929 246 1929 249 1909 266 1862 249 1729 269 1653 252 1642 252 1624 266 1546 255 1505 278 1366 278 1279 261 1238 281 1082 269 983 287 954 287 832 269 568 292 571 339" /></Shape>
	    <String CONTENT="nales à une autonomie complète. Les villes liégeoises" HPOS="568.0" VPOS="237.0" WIDTH="2095.0" HEIGHT="128.0" />
          </TextLine>
          <TextLine ID="eSc_line_f04a523b" TAGREFS="LT27" BASELINE="572 437 1383 411 2683 396" HPOS="568.0" VPOS="342.0" WIDTH="2113.0" HEIGHT="119.0">
            <Shape><Polygon POINTS="571 435 574 461 612 446 734 461 1259 435 1372 449 1485 432 1587 446 1764 426 2097 438 2106 429 2118 423 2237 435 2681 417 2681 394 2672 342 2286 356 2222 342 2211 342 2187 359 2094 342 2065 362 1970 345 1888 365 1720 351 1688 365 1674 368 1590 351 1334 374 1247 356 1180 377 948 362 902 382 623 374 568 388 571 435" /></Shape>
	    <String CONTENT="reçurent tous les privilèges essentiels à leur dévelop¬" HPOS="568.0" VPOS="342.0" WIDTH="2113.0" HEIGHT="119.0" />
          </TextLine>
          <TextLine ID="eSc_line_020f60c0" TAGREFS="LT27" BASELINE="570 527 1437 504 2678 489" HPOS="565.0" VPOS="426.0" WIDTH="2110.0" HEIGHT="119.0">
            <Shape><Polygon POINTS="568 525 568 545 2672 510 2675 487 2666 446 2625 446 2602 426 2591 426 2553 446 2515 426 2506 426 2472 446 2446 429 2318 429 2271 452 2257 452 2193 440 1923 458 1816 438 1700 461 1607 440 1575 464 1433 443 1323 467 1288 467 1079 449 1018 472 945 455 934 455 899 478 681 478 649 458 641 458 565 475 568 525" /></Shape>
	    <String CONTENT="pement. Elles constituèrent chacune un territoire" HPOS="565.0" VPOS="426.0" WIDTH="2110.0" HEIGHT="119.0" />
          </TextLine>
          <TextLine ID="eSc_line_796b5407" TAGREFS="LT27" BASELINE="594 609 1933 587 2685 597" HPOS="589.0" VPOS="527.0" WIDTH="2094.0" HEIGHT="114.0">
            <Shape><Polygon POINTS="591 606 594 641 641 626 893 638 931 623 1590 632 1659 612 2678 620 2683 594 2681 545 2594 530 2448 545 2422 545 2335 527 2240 548 1987 530 1883 551 1857 533 1848 533 1764 545 1729 554 1665 554 1645 533 1471 554 1389 536 1291 536 1247 559 1108 559 1070 539 916 559 589 551 591 606" /></Shape>
	    <String CONTENT="juridique spécial possédant son tribunal d’exception." HPOS="589.0" VPOS="527.0" WIDTH="2094.0" HEIGHT="114.0" />
          </TextLine>
          <TextLine ID="eSc_line_4085a101" TAGREFS="LT27" BASELINE="576 692 2689 682" HPOS="571.0" VPOS="617.0" WIDTH="2115.0" HEIGHT="102.0">
            <Shape><Polygon POINTS="574 690 574 719 2686 704 2686 681 2678 626 2588 638 2567 626 2559 617 2382 617 2341 641 2248 641 2182 620 2170 620 2138 641 1964 641 1932 620 1836 635 1613 620 1555 641 1444 620 1381 641 1270 620 1221 646 1122 646 1105 635 1076 623 1067 623 1003 643 974 623 963 623 908 646 705 646 681 638 609 623 571 635 574 690" /></Shape>
	    <String CONTENT="Mais ce tribunal resta très nettement un tribunal" HPOS="571.0" VPOS="617.0" WIDTH="2115.0" HEIGHT="102.0" WC="0.9932325762145373" />
          </TextLine>
          <TextLine ID="eSc_line_57ae31fd" TAGREFS="LT27" BASELINE="568 787 1600 773 2678 779" HPOS="562.0" VPOS="707.0" WIDTH="2113.0" HEIGHT="111.0">
            <Shape><Polygon POINTS="565 786 565 818 644 803 940 815 960 794 1497 794 1517 812 1526 815 1619 815 1619 812 1624 812 1645 794 1665 812 1677 812 1735 794 1822 812 2039 791 2077 809 2164 791 2669 809 2675 777 2672 731 2567 707 2411 707 2361 728 2292 707 2048 707 1993 731 1854 716 1798 733 1384 733 1328 713 1317 713 1285 733 1149 733 1003 713 925 733 858 713 763 733 760 736 562 736 565 786" /></Shape>
	    <String CONTENT="princier. Leurs échevins, juges privilégiés des bourgeois," HPOS="562.0" VPOS="707.0" WIDTH="2113.0" HEIGHT="111.0" />
          </TextLine>
          <TextLine ID="eSc_line_b8da5fe1" TAGREFS="LT27" BASELINE="568 879 1724 862 2676 862" HPOS="562.0" VPOS="797.0" WIDTH="2113.0" HEIGHT="110.0">
            <Shape><Polygon POINTS="565 878 565 893 879 907 882 907 1195 890 1285 887 1343 890 1511 902 1514 902 1517 902 1520 902 1537 890 1546 884 2672 884 2675 861 2672 812 2617 797 2614 797 2611 797 2509 815 2498 815 2477 815 2271 800 2269 800 2129 815 2103 818 2065 815 1874 803 1871 803 1868 803 1836 818 1825 823 562 823 565 878" /></Shape>
	    <String CONTENT="&lt;.......................&gt; au nombre de douze dans la" HPOS="562.0" VPOS="797.0" WIDTH="2113.0" HEIGHT="110.0" />
          </TextLine>
          <TextLine ID="eSc_line_f6faf9ce" TAGREFS="LT27" BASELINE="568 966 2037 955 2672 959" HPOS="562.0" VPOS="893.0" WIDTH="2107.0" HEIGHT="90.0">
            <Shape><Polygon POINTS="565 965 565 983 2666 977 2669 957 2666 907 2608 893 2605 893 2602 893 2509 910 2506 910 2504 910 2460 896 2457 896 2454 896 2187 910 2092 896 2089 896 2086 896 2025 913 2022 913 2013 913 1717 899 1714 899 1619 913 1540 899 1537 899 1534 899 1485 916 1204 902 1201 902 1198 902 1137 916 1105 902 1102 902 1099 902 1096 902 1047 919 771 905 768 905 658 919 609 905 606 905 603 905 600 905 562 919 565 965" /></Shape>
	    <String CONTENT="capitale et de sept dans les « bonnes villes », sont exclu¬" HPOS="562.0" VPOS="893.0" WIDTH="2107.0" HEIGHT="90.0" />
          </TextLine>
          <TextLine ID="eSc_line_08bfa068" TAGREFS="LT27" BASELINE="536 1069 1511 1050 2683 1044" HPOS="530.0" VPOS="983.0" WIDTH="2151.0" HEIGHT="107.0">
            <Shape><Polygon POINTS="533 1067 533 1090 2681 1064 2681 1041 2675 994 2521 983 2518 983 2515 983 2489 994 2480 1000 2425 997 2324 989 2321 989 2245 1000 2211 1003 2184 1000 2123 989 2121 989 1987 1003 1944 1006 1915 1003 1801 989 1798 989 1796 989 1793 989 1775 1003 1627 992 1624 992 1621 992 1558 1009 1549 1009 1537 1009 1427 994 1424 994 1421 994 1418 994 1395 1012 1389 1015 1285 1015 1247 1012 1073 997 1070 997 821 1018 783 1021 757 1021 606 1003 603 1003 600 1003 530 1021 533 1067" /></Shape>
	    <String CONTENT="sivement nommés à vie par l’évêque et recrutés en" HPOS="530.0" VPOS="983.0" WIDTH="2151.0" HEIGHT="107.0" />
          </TextLine>
          <TextLine ID="eSc_line_dc070979" TAGREFS="LT27" BASELINE="557 1158 1629 1142 2442 1142 2689 1150" HPOS="551.0" VPOS="1070.0" WIDTH="2135.0" HEIGHT="122.0">
            <Shape><Polygon POINTS="554 1157 554 1192 879 1169 986 1189 1047 1169 1146 1169 1186 1192 1195 1192 1285 1177 1357 1189 1384 1189 1413 1166 1532 1163 1566 1186 1581 1186 1732 1163 1926 1183 1970 1160 2170 1183 2205 1183 2338 1157 2683 1177 2686 1148 2683 1090 2596 1070 2521 1090 2109 1076 2042 1093 1871 1076 1761 1096 1590 1079 1442 1099 1436 1102 1061 1102 1032 1087 1027 1087 818 1105 763 1087 754 1087 693 1105 597 1087 551 1105 554 1157" /></Shape>
	    <String CONTENT="partie, au moins jusqu’à  la fin du XIIe siècle, parmi ses mi¬" HPOS="551.0" VPOS="1070.0" WIDTH="2135.0" HEIGHT="122.0" />
          </TextLine>
          <TextLine ID="eSc_line_bb5506d8" TAGREFS="LT27" BASELINE="565 1257 1946 1231 2689 1228" HPOS="560.0" VPOS="1169.0" WIDTH="2126.0" HEIGHT="110.0">
            <Shape><Polygon POINTS="562 1256 562 1279 2686 1244 2686 1227 2678 1169 2289 1183 2208 1169 2199 1169 2182 1183 2051 1169 1967 1186 1900 1171 1862 1189 1732 1174 1674 1195 1508 1177 1500 1177 1500 1180 1476 1198 1297 1183 1291 1183 1256 1200 934 1186 914 1209 806 1209 766 1189 754 1189 722 1209 606 1192 560 1209 562 1256" /></Shape>
	    <String CONTENT="nisteriales. Ils appliquent sans doute le droit urbain et sont" HPOS="560.0" VPOS="1169.0" WIDTH="2126.0" HEIGHT="110.0" WC="0.993117077696708" />
          </TextLine>
          <TextLine ID="eSc_line_799991aa" TAGREFS="LT27" BASELINE="559 1367 1511 1338 2689 1328" HPOS="554.0" VPOS="1264.0" WIDTH="2132.0" HEIGHT="125.0">
            <Shape><Polygon POINTS="557 1366 557 1389 960 1389 960 1386 1114 1366 1137 1377 1154 1380 1204 1363 1276 1377 1366 1360 1651 1374 1749 1354 1842 1372 2007 1348 2683 1348 2686 1325 2681 1282 2489 1264 2483 1264 2434 1285 2324 1267 2193 1270 2158 1290 2045 1273 2039 1273 1999 1293 1801 1279 1511 1299 1389 1285 1346 1305 1195 1287 1073 1290 1030 1311 867 1293 838 1316 664 1316 623 1299 615 1299 554 1316 557 1366" /></Shape>
	    <String CONTENT="les gardiens de la coutume urbaine, mais ils ne se pré¬" HPOS="554.0" VPOS="1264.0" WIDTH="2132.0" HEIGHT="125.0" />
          </TextLine>
          <TextLine ID="eSc_line_376cc5d9" TAGREFS="LT27" BASELINE="549 1456 2345 1419 2695 1423" HPOS="545.0" VPOS="1360.0" WIDTH="2147.0" HEIGHT="128.0">
            <Shape><Polygon POINTS="548 1453 548 1488 763 1488 763 1485 768 1485 768 1482 783 1470 812 1485 1003 1482 1178 1462 1424 1473 1482 1473 1871 1450 1949 1464 1967 1464 2039 1447 2219 1459 2443 1438 2689 1450 2692 1421 2689 1374 2431 1360 2118 1383 2036 1372 1793 1389 1761 1374 1752 1374 1700 1389 1677 1374 1665 1374 1616 1389 1595 1392 1392 1380 1270 1398 1207 1383 1166 1404 545 1404 548 1453" /></Shape>
	    <String CONTENT="sentent point sous l’aspect d’une magistrature com¬" HPOS="545.0" VPOS="1360.0" WIDTH="2147.0" HEIGHT="128.0" />
          </TextLine>
          <TextLine ID="eSc_line_edea41a0" TAGREFS="LT27" BASELINE="553 1547 2666 1514" HPOS="548.0" VPOS="1453.0" WIDTH="2115.0" HEIGHT="127.0">
            <Shape><Polygon POINTS="551 1546 551 1580 728 1563 870 1578 902 1578 931 1563 1221 1572 1311 1554 1584 1566 1610 1549 1775 1563 1810 1546 1877 1560 2132 1540 2231 1554 2312 1537 2660 1543 2663 1511 2654 1470 2437 1470 2373 1453 2364 1453 2306 1473 2286 1456 2274 1456 2225 1470 2103 1459 2083 1476 2010 1459 1903 1479 1883 1462 1796 1462 1758 1482 1636 1464 1543 1485 1491 1467 1326 1482 1247 1470 1195 1491 1099 1473 1091 1473 1091 1476 1070 1493 1012 1476 899 1496 879 1482 722 1496 597 1482 548 1499 551 1546" /></Shape>
	    <String CONTENT="munale. &lt;.........&gt; Dès  lors, tous les efforts de la bourgeoi¬" HPOS="548.0" VPOS="1453.0" WIDTH="2115.0" HEIGHT="127.0" />
          </TextLine>
          <TextLine ID="eSc_line_e1311394" TAGREFS="LT27" BASELINE="557 1639 2660 1601" HPOS="551.0" VPOS="1540.0" WIDTH="2106.0" HEIGHT="127.0">
            <Shape><Polygon POINTS="554 1638 554 1667 2657 1615 2657 1598 2652 1560 2544 1540 2541 1540 2431 1560 2359 1543 2356 1543 2353 1543 2350 1543 2289 1566 1807 1572 1729 1557 1726 1557 1723 1557 1720 1557 1697 1575 1604 1557 1601 1557 1476 1578 1340 1566 1337 1566 1186 1583 1166 1569 1163 1569 1160 1569 1157 1569 1154 1569 1151 1569 1128 1586 1091 1575 1088 1575 1085 1575 998 1589 963 1572 960 1572 957 1572 876 1586 763 1575 760 1575 757 1575 754 1575 731 1592 629 1578 626 1578 623 1578 551 1598 554 1638" /></Shape>
	    <String CONTENT="sie tendirent à établir à côté d’eux une institution" HPOS="551.0" VPOS="1540.0" WIDTH="2106.0" HEIGHT="127.0" WC="0.9903024412118472" />
          </TextLine>
          <TextLine ID="eSc_line_b189f9b8" TAGREFS="LT27" BASELINE="574 1730 1878 1717 2693 1694" HPOS="568.0" VPOS="1636.0" WIDTH="2124.0" HEIGHT="130.0">
            <Shape><Polygon POINTS="571 1728 574 1766 649 1746 873 1763 908 1763 1003 1746 1114 1757 1151 1737 1183 1755 1363 1755 1363 1752 1479 1731 1961 1746 2109 1728 2184 1743 2260 1720 2408 1734 2625 1714 2686 1731 2692 1691 2686 1650 2567 1636 2393 1656 2277 1641 2196 1665 1909 1665 1839 1647 1743 1670 1468 1673 1421 1656 1410 1656 1389 1673 1369 1667 1314 1659 1288 1679 1151 1679 1120 1659 1108 1659 1041 1676 989 1662 980 1662 925 1685 774 1685 748 1667 568 1679 571 1728" /></Shape>
	    <String CONTENT="qui ne relevât que d’elle-même. Elle pouvait bien laisser" HPOS="568.0" VPOS="1636.0" WIDTH="2124.0" HEIGHT="130.0" />
          </TextLine>
          <TextLine ID="eSc_line_45ecad4f" TAGREFS="LT30" BASELINE="1175 1774 1548 1777" HPOS="1169.0" VPOS="1723.0" WIDTH="377.0" HEIGHT="78.0">
            <Shape><Polygon POINTS="1172 1772 1169 1795 1540 1801 1546 1775 1540 1723 1172 1728 1172 1772" /></Shape>
	    <String CONTENT="l'autorité" HPOS="1169.0" VPOS="1723.0" WIDTH="377.0" HEIGHT="78.0" />
          </TextLine>
          <TextLine ID="eSc_line_a5ccf11b" TAGREFS="LT27" BASELINE="568 1825 2680 1804" HPOS="562.0" VPOS="1752.0" WIDTH="2116.0" HEIGHT="101.0">
            <Shape><Polygon POINTS="1520 1775 1172 1775 1166 1763 1105 1763 1076 1778 864 1766 562 1784 565 1850 1352 1853 1401 1836 1459 1850 1633 1836 1691 1836 1886 1847 1920 1830 2132 1842 2167 1827 2396 1842 2422 1824 2675 1821 2678 1801 2669 1752 1520 1769 1520 1775" /></Shape>
	    <String CONTENT="aux échevins &lt;........&gt; judiciaire, mais elle ne pouvait" HPOS="562.0" VPOS="1752.0" WIDTH="2116.0" HEIGHT="101.0" />
          </TextLine>
          <TextLine ID="eSc_line_3ac875b7" TAGREFS="LT27" BASELINE="555 1924 1484 1904 2521 1899 2687 1906" HPOS="551.0" VPOS="1839.0" WIDTH="2135.0" HEIGHT="110.0">
            <Shape><Polygon POINTS="554 1923 554 1943 841 1934 1038 1949 1131 1931 1186 1946 1305 1929 1534 1940 1569 1926 1723 1940 1784 1923 2405 1931 2434 1917 2681 1929 2686 1905 2683 1856 2489 1839 2463 1856 2390 1842 2213 1859 2170 1839 2164 1839 2051 1859 2013 1839 2002 1839 1970 1859 1813 1842 1772 1862 1714 1844 1642 1862 1584 1844 1476 1868 1436 1847 1276 1847 1241 1871 1137 1871 1032 1850 1001 1873 815 1853 768 1876 757 1876 600 1856 551 1873 554 1923" /></Shape>
	    <String CONTENT="leur abandonner l’administration des affaires publiques." HPOS="551.0" VPOS="1839.0" WIDTH="2135.0" HEIGHT="110.0" WC="0.9800254702568054" />
          </TextLine>
          <TextLine ID="eSc_line_17544af0" TAGREFS="LT27" BASELINE="566 2020 2279 1993 2513 1995 2691 2009" HPOS="562.0" VPOS="1931.0" WIDTH="2127.0" HEIGHT="119.0">
            <Shape><Polygon POINTS="565 2018 565 2036 766 2050 1201 2030 1392 2042 1450 2024 2689 2021 2689 2007 2683 1946 2303 1949 2242 1931 2234 1931 2179 1949 2161 1952 2068 1931 1990 1955 1836 1934 1816 1952 1801 1958 1601 1937 1494 1960 1447 1940 1331 1943 1317 1955 1305 1960 1134 1949 1105 1969 873 1969 774 1949 768 1949 725 1969 702 1952 562 1958 565 2018" /></Shape>
	    <String CONTENT="Dès le courant du XIIe siècle, on la voit se donner des jurés" HPOS="562.0" VPOS="1931.0" WIDTH="2127.0" HEIGHT="119.0" />
          </TextLine>
          <TextLine ID="eSc_line_3cc011c3" TAGREFS="LT27" BASELINE="561 2115 2248 2090 2682 2094" HPOS="557.0" VPOS="2030.0" WIDTH="2124.0" HEIGHT="105.0">
            <Shape><Polygon POINTS="560 2114 560 2135 2681 2114 2681 2091 2678 2045 2428 2030 2425 2030 2422 2030 2419 2030 2399 2047 2396 2050 2309 2050 2260 2050 2208 2033 2205 2033 2202 2033 2034 2050 2005 2036 2002 2036 1999 2036 1996 2036 1929 2053 1854 2042 1851 2042 1697 2056 1590 2042 1587 2042 1346 2062 940 2053 937 2053 934 2053 902 2068 882 2053 879 2053 876 2053 873 2053 734 2071 591 2056 589 2056 586 2056 583 2056 557 2068 560 2114" /></Shape>
	    <String CONTENT="élus par elle, assermentés devant elle et chargés du soin" HPOS="557.0" VPOS="2030.0" WIDTH="2124.0" HEIGHT="105.0" />
          </TextLine>
          <TextLine ID="eSc_line_2d754a9d" TAGREFS="LT27" BASELINE="568 2204 2018 2181 2622 2183" HPOS="562.0" VPOS="2120.0" WIDTH="2058.0" HEIGHT="107.0">
            <Shape><Polygon POINTS="565 2201 565 2227 2617 2204 2620 2181 2617 2132 2283 2120 2280 2120 2277 2120 2274 2120 2254 2135 2245 2140 2132 2140 2071 2135 1967 2126 1964 2126 1839 2137 1778 2143 1764 2137 1726 2126 1723 2126 1720 2126 1610 2129 1607 2129 1604 2129 1590 2140 1584 2146 1561 2140 1514 2129 1511 2129 1508 2129 1505 2129 1459 2140 1430 2149 1369 2143 1273 2132 1270 2132 1268 2132 1238 2143 1215 2152 1183 2143 1146 2135 1143 2135 1140 2135 1137 2135 1102 2146 1076 2152 562 2152 565 2201" /></Shape>
	    <String CONTENT="&lt;..........&gt; des intérêts communaux. Les évêques" HPOS="562.0" VPOS="2120.0" WIDTH="2058.0" HEIGHT="107.0" />
          </TextLine>
          <TextLine ID="eSc_line_2939918f" TAGREFS="LT27" BASELINE="557 2293 2188 2274 2685 2278" HPOS="551.0" VPOS="2216.0" WIDTH="2132.0" HEIGHT="110.0">
            <Shape><Polygon POINTS="554 2291 554 2309 806 2326 809 2326 1178 2309 1218 2309 1233 2309 1311 2320 1314 2320 1389 2309 1433 2303 1532 2309 1665 2317 1668 2317 1796 2309 1952 2297 2681 2306 2683 2277 2678 2230 2306 2230 2231 2216 2228 2216 2225 2216 2222 2216 2222 2219 2208 2230 2013 2219 2010 2219 1923 2236 1912 2236 1891 2236 1775 2224 1772 2224 1494 2239 1462 2239 1459 2239 1418 2224 1415 2224 1413 2224 1410 2224 1378 2239 1372 2242 1320 2239 1102 2227 1099 2227 1003 2242 980 2248 551 2248 554 2291" /></Shape>
	    <String CONTENT="d’ailleurs, protestèrent énergiquement contre cette inno¬" HPOS="551.0" VPOS="2216.0" WIDTH="2132.0" HEIGHT="110.0" />
          </TextLine>
          <TextLine ID="eSc_line_e995e69d" TAGREFS="LT27" BASELINE="555 2386 2163 2378 2548 2384 2683 2398" HPOS="551.0" VPOS="2309.0" WIDTH="2130.0" HEIGHT="110.0">
            <Shape><Polygon POINTS="554 2384 554 2404 986 2419 995 2419 1012 2404 1073 2419 1279 2404 1346 2419 1381 2404 2005 2416 2097 2401 2121 2416 2132 2416 2184 2398 2245 2413 2283 2413 2527 2398 2675 2413 2681 2396 2678 2335 2382 2335 2211 2309 2202 2309 2173 2332 2132 2311 2123 2311 2063 2335 2036 2311 1929 2311 1891 2335 1627 2317 1520 2335 1363 2311 1328 2329 1244 2317 1218 2338 1038 2314 998 2340 922 2340 893 2314 882 2314 815 2338 583 2317 551 2335 554 2384" /></Shape>
	    <String CONTENT="vation illégale ou, si l’on veut, extra-légale. Environ en 1230," HPOS="551.0" VPOS="2309.0" WIDTH="2130.0" HEIGHT="110.0" />
          </TextLine>
          <TextLine ID="eSc_line_570db751" TAGREFS="LT27" BASELINE="537 2490 996 2486" HPOS="533.0" VPOS="2419.0" WIDTH="462.0" HEIGHT="96.0">
            <Shape><Polygon POINTS="536 2488 536 2515 992 2512 995 2483 986 2445 832 2448 815 2436 806 2430 803 2430 800 2430 797 2430 795 2430 780 2436 748 2451 719 2433 696 2419 693 2419 690 2419 687 2419 533 2425 536 2488" /></Shape>
	    <String CONTENT="l’un d’eux," HPOS="533.0" VPOS="2419.0" WIDTH="462.0" HEIGHT="96.0" />
          </TextLine>
          <TextLine ID="eSc_line_e645e07e" TAGREFS="LT27" BASELINE="1524 2486 2227 2477 2682 2481" HPOS="1520.0" VPOS="2416.0" WIDTH="1161.0" HEIGHT="87.0">
            <Shape><Polygon POINTS="1523 2483 1523 2503 2678 2500 2681 2480 2678 2433 2106 2416 2103 2416 2022 2419 2019 2419 2016 2419 2016 2422 1996 2439 1993 2439 1917 2425 1915 2425 1912 2425 1909 2425 1909 2427 1894 2439 1894 2442 1807 2442 1723 2442 1639 2419 1636 2419 1633 2419 1630 2419 1627 2419 1601 2442 1520 2442 1523 2483" /></Shape>
	    <String CONTENT="obtenait de l’empereur une" HPOS="1520.0" VPOS="2416.0" WIDTH="1161.0" HEIGHT="87.0" WC="0.9860468002466055" />
          </TextLine>
          <TextLine ID="eSc_line_22f30bda" TAGREFS="LT27" BASELINE="547 2587 2269 2572 2685 2577" HPOS="542.0" VPOS="2506.0" WIDTH="2141.0" HEIGHT="107.0">
            <Shape><Polygon POINTS="545 2584 545 2613 1752 2613 1752 2610 1839 2596 2129 2607 2562 2590 2678 2602 2683 2575 2681 2526 2591 2506 2443 2526 2396 2526 2155 2509 2007 2532 1810 2532 1787 2512 1688 2532 1578 2515 1418 2532 1262 2517 1238 2526 1218 2538 1140 2538 1114 2517 940 2538 542 2529 545 2584" /></Shape>
	    <String CONTENT="sentence interdisant formellement les « conjurations »" HPOS="542.0" VPOS="2506.0" WIDTH="2141.0" HEIGHT="107.0" WC="0.99144781220193" />
          </TextLine>
          <TextLine ID="eSc_line_7bdac29b" TAGREFS="LT27" BASELINE="547 2690 2115 2670 2689 2678" HPOS="542.0" VPOS="2607.0" WIDTH="2144.0" HEIGHT="108.0">
            <Shape><Polygon POINTS="545 2689 545 2712 1241 2715 1453 2697 1993 2709 2051 2691 2179 2703 2205 2706 2208 2709 2338 2709 2338 2706 2344 2706 2361 2691 2681 2700 2686 2677 2683 2625 2100 2607 2071 2631 1891 2631 1857 2610 1610 2628 1485 2613 1395 2636 1320 2616 1311 2616 1270 2639 829 2642 766 2622 644 2622 542 2645 545 2689" /></Shape>
	    <String CONTENT="et les « communes »  dans tout le royaume d’Allemagne." HPOS="542.0" VPOS="2607.0" WIDTH="2144.0" HEIGHT="108.0" WC="0.9757634642032477" />
          </TextLine>
          <TextLine ID="eSc_line_715f8bc4" TAGREFS="LT27" BASELINE="541 2784 1211 2782 2285 2761 2670 2765" HPOS="536.0" VPOS="2697.0" WIDTH="2133.0" HEIGHT="111.0">
            <Shape><Polygon POINTS="539 2781 539 2805 1662 2808 1685 2793 2048 2802 2112 2784 2492 2793 2556 2778 2663 2790 2669 2764 2666 2715 2324 2697 2054 2720 1984 2709 1720 2723 1677 2706 1665 2706 1642 2726 1494 2709 1407 2729 1311 2715 1253 2729 1238 2715 1227 2715 1163 2732 1160 2735 870 2735 786 2718 748 2738 737 2738 577 2720 536 2738 539 2781" /></Shape>
	    <String CONTENT="Mais la nécessité était trop pressante pour les villes de" HPOS="536.0" VPOS="2697.0" WIDTH="2133.0" HEIGHT="111.0" WC="0.9909940696599191" />
          </TextLine>
          <TextLine ID="eSc_line_e7620005" TAGREFS="LT27" BASELINE="539 2879 2680 2867" HPOS="533.0" VPOS="2805.0" WIDTH="2145.0" HEIGHT="110.0">
            <Shape><Polygon POINTS="536 2877 539 2915 609 2897 1073 2912 1334 2892 1575 2909 1619 2892 1706 2903 1798 2889 1874 2906 1886 2906 1912 2889 2112 2903 2184 2886 2541 2886 2672 2903 2678 2866 2669 2813 2602 2822 2483 2805 2399 2822 2231 2805 2123 2825 2097 2808 1874 2808 1787 2825 1700 2808 1592 2828 1056 2816 954 2831 902 2813 890 2813 864 2831 783 2816 774 2816 751 2831 594 2819 533 2834 536 2877" /></Shape>
	    <String CONTENT="&lt;................................&gt; réaliser leur autono¬" HPOS="533.0" VPOS="2805.0" WIDTH="2145.0" HEIGHT="110.0" />
          </TextLine>
          <TextLine ID="eSc_line_9105092c" TAGREFS="LT27" BASELINE="526 2976 1600 2964 2413 2968 2680 2982" HPOS="522.0" VPOS="2897.0" WIDTH="2156.0" HEIGHT="108.0">
            <Shape><Polygon POINTS="525 2973 525 2996 1003 2990 1079 3005 1088 3005 1111 2984 1630 2984 1680 3002 1703 3005 1746 2984 1894 2999 1917 2982 2083 2982 2132 3002 2344 2987 2672 3002 2678 2979 2672 2918 2486 2921 2414 2897 2309 2921 2289 2918 2216 2897 2115 2921 2100 2918 2045 2897 2036 2897 1970 2918 1964 2918 1917 2897 1906 2897 1883 2918 1752 2921 1700 2897 1694 2897 1558 2921 1529 2906 1517 2906 1491 2924 1407 2900 1326 2900 1297 2924 1204 2900 1032 2918 919 2900 864 2924 797 2900 789 2900 745 2918 734 2926 664 2926 623 2903 618 2903 522 2918 525 2973" /></Shape>
	    <String CONTENT="mie &lt;..........&gt;. Institués tout d’abord par l’émeute," HPOS="522.0" VPOS="2897.0" WIDTH="2156.0" HEIGHT="108.0" />
          </TextLine>
          <TextLine ID="eSc_line_553f21ba" TAGREFS="LT27" BASELINE="536 3086 714 3074 1507 3061 2680 3061" HPOS="530.0" VPOS="2996.0" WIDTH="2148.0" HEIGHT="110.0">
            <Shape><Polygon POINTS="533 3083 533 3106 977 3106 977 3103 1111 3083 1384 3100 1424 3080 1642 3080 2222 3095 2286 3077 2312 3095 2408 3080 2524 3095 2559 3077 2611 3095 2620 3095 2678 3074 2678 3060 2675 3016 2419 2996 2411 2996 2382 3019 2242 3019 2097 2996 1793 3019 1592 3002 1459 3022 1410 3002 1241 3022 1140 3002 1082 3022 966 3005 914 3028 751 3028 623 3005 530 3028 533 3083" /></Shape>
	    <String CONTENT="les jurés deviennent permanents à la longue, et, après" HPOS="530.0" VPOS="2996.0" WIDTH="2148.0" HEIGHT="110.0" WC="0.9981132668477518" />
          </TextLine>
          <TextLine ID="eSc_line_71a9ac26" TAGREFS="LT27" BASELINE="543 3181 745 3165 1468 3150 2689 3156" HPOS="539.0" VPOS="3086.0" WIDTH="2147.0" HEIGHT="110.0">
            <Shape><Polygon POINTS="542 3179 542 3196 1279 3173 1738 3173 1781 3190 1793 3190 1886 3173 2219 3188 2536 3170 2681 3185 2686 3153 2678 3089 2643 3106 2591 3095 2530 3109 2498 3086 2428 3086 2399 3106 2292 3092 2190 3109 2086 3086 1955 3109 1917 3089 1836 3106 1793 3089 1659 3089 1572 3109 1549 3089 1534 3089 1503 3112 1424 3112 1375 3089 1366 3089 1299 3109 1265 3095 1253 3095 1230 3115 1166 3092 1157 3092 1111 3118 943 3118 887 3092 879 3092 803 3115 745 3098 664 3112 641 3095 629 3095 539 3118 542 3179" /></Shape>
	    <String CONTENT="le soulèvement de toutes les villes du pays, sous Henri de" HPOS="539.0" VPOS="3086.0" WIDTH="2147.0" HEIGHT="110.0" />
          </TextLine>
          <TextLine ID="eSc_line_d142a506" TAGREFS="LT27" BASELINE="555 3268 1793 3245 2668 3252" HPOS="551.0" VPOS="3182.0" WIDTH="2115.0" HEIGHT="119.0">
            <Shape><Polygon POINTS="554 3266 554 3301 940 3298 998 3277 1154 3289 1215 3275 1642 3292 1671 3272 1790 3292 1807 3292 1857 3269 1996 3269 2031 3289 2228 3266 2321 3283 2495 3266 2663 3283 2666 3251 2663 3199 2382 3182 2231 3199 2158 3182 2034 3202 1848 3185 1738 3205 1442 3190 1378 3208 1331 3190 1323 3190 1282 3208 1151 3193 1073 3211 1018 3193 864 3214 771 3196 551 3205 554 3266" /></Shape>
	    <String CONTENT="Gueldre, soulèvement auquel reste attaché  le nom de" HPOS="551.0" VPOS="3182.0" WIDTH="2115.0" HEIGHT="119.0" />
          </TextLine>
          <TextLine ID="eSc_line_dc2dd487" TAGREFS="LT27" BASELINE="549 3368 1281 3361 1878 3343 2656 3343" HPOS="545.0" VPOS="3275.0" WIDTH="2109.0" HEIGHT="133.0">
            <Shape><Polygon POINTS="548 3367 548 3408 972 3385 1064 3402 1070 3402 1099 3388 1131 3405 1323 3405 1323 3402 1328 3402 1328 3399 1360 3382 1595 3382 1691 3396 1709 3396 1735 3376 1807 3388 1941 3373 2036 3393 2054 3393 2100 3367 2579 3367 2646 3385 2654 3341 2652 3289 2620 3275 2611 3275 2538 3301 2300 3301 2266 3283 2158 3301 2097 3280 1888 3298 1743 3286 1714 3304 1674 3286 1662 3286 1662 3289 1639 3309 1453 3309 1398 3295 1360 3289 1326 3306 1288 3292 1276 3292 1256 3309 1050 3315 943 3295 882 3315 838 3298 824 3298 795 3318 545 3301 548 3367" /></Shape>
	    <String CONTENT="Henri de Dinant, ils prennent place définitivement" HPOS="545.0" VPOS="3275.0" WIDTH="2109.0" HEIGHT="133.0" />
          </TextLine>
        </TextBlock>
      </PrintSpace>
    </Page>
  </Layout>
</alto>