2713 3502
2514.0 17.0 117.0 76.0 41

554.0 58.0 2112.0 102.0 échappe pour la plus grande partie. Car, créé par les be¬

540.0 142.0 2111.0 85.0 soins de la pratique journalière, il grandit en dehors et à côté

546.0 204.0 2131.0 117.0 des chartes concédées aux villes par les princes <...............>

554.0 274.0 2109.0 125.0 <.......> De plus, il se modifie rapidement sous l’influence du

534.0 341.0 2123.0 134.0 milieu si actif dans lequel il naît et dont il doit suivre les

537.0 423.0 2167.0 122.0 mouvements variés. C’est un droit « journalier », pour employer l’ex¬

540.0 487.0 2143.0 134.0 pression des textes(1). Non écrit jusque vers le milieu du XIIIe siècle, il

554.0 571.0 2141.0 132.0 commence à s’inscrire à partir de cette date dans les «bans»

584.0 674.0 73.0 78.0 les

543.0 677.0 972.0 99.0 ou vorboden des échevins.

549.0 755.0 2134.0 129.0 La procédure, le droit civil, le droit commercial et le droit pénal

531.0 834.0 2161.0 114.0 ne caractérisent pas seuls l’originalité juridique des villes.

543.0 904.0 2140.0 123.0 Elle apparait plus clairement encore dans tout ce qui tou¬

540.0 983.0 1921.0 111.0 che la condition des personnes et la condition des terres.

566.0 1062.0 2117.0 134.0 Au début, on l’a vu, deux populations distinctes, celle du cas¬

540.0 1155.0 2135.0 129.0 trum et celle du portus étaient juxtaposées. La première, la

540.0 1228.0 2135.0 140.0 plus ancienne, se composait de chevaliers et de ministerales

540.0 1301.0 2143.0 146.0 (2) de clercs et de serfs. La seconde, par suite de l’impossibi¬

531.0 1389.0 2144.0 134.0 lité où l’on se trouvait de déterminer la condition de ses

522.0 1467.0 2170.0 129.0 membres, était considérée, comme libre. A la longue, et sous

516.0 1546.0 2188.0 134.0 l’influence des causes dont nous avons parlé, la liberté des

1647.0 1616.0 233.0 73.0 étendue

513.0 1628.0 2173.0 134.0 immigrants du portus s’est <...........> aux vieux habi¬

528.0 1695.0 2164.0 149.0 tants du castrum. Le faubourg marchand n’a pas seule¬

531.0 1774.0 2108.0 137.0 ment absorbé le bourg militaire, il <.................>

522.0 1853.0 2170.0 137.0 lui a aussi communiqué son état juridique. Il y a fait dis¬

537.0 1929.0 2161.0 148.0 paraître, en somme assez rapidement, la servitude, soit par

525.0 2010.0 2161.0 134.0 l’effet des mariages mixtes, soit par l’entrée des serfs dans les

513.0 2086.0 2167.0 131.0 professions commerciales. <............> En même temps, les cheva¬

513.0 2156.0 2132.0 152.0 liers quittaient la vieille forteresse devenue inutile. Presque

513.0 2244.0 2170.0 134.0 tous, dans le courant du XIIe siècle, abandonnent les villes aux

516.0 2317.0 2176.0 143.0 bourgeois et se retirent à la campagne. On n’en rencontre plus

513.0 2404.0 2179.0 143.0 que dans les cités épiscopales où la présence de l’évêque les retient un

511.0 2483.0 2155.0 131.0 certain nombre. Mais dans les localités laïques, à Valenciennes

513.0 2573.0 2170.0 114.0 en Flandre, en Brabant, en Hollande <.....................>

516.0 2667.0 2161.0 125.0 <...> presque tous émigrent <................> des communes

508.0 2740.0 2169.0 125.0 où ils ne pourraient continuer de résider qu’en se soumettant

513.0 2819.0 2162.0 131.0 au droit nouveau. Les clercs, naturellement, sont restés, et l’on

1013.0 2894.0 461.0 76.0 du XIIe au XVIe siècle,

505.0 2892.0 2164.0 145.0 peut dire que, <..................> ils seront les seuls non-bour¬

508.0 2982.0 2152.0 126.0 geois résidant dans les villes. Suivant les cas, leurs rapports

513.0 3096.0 2179.0 122.0 (1) Guillaume de Normandie accorde aux bourgeois de Flandre

490.0 3172.0 2202.0 116.0 en 1127, « ut de die in diem consuetudinarias leges suas cor¬

496.0 3271.0 403.0 93.0 rigerent.

496.0 3297.0 2202.0 134.0 (2) On sait que l’on appelle ainsi des hommes non libres par leur

484.0 3373.0 2191.0 108.0 naissance mais qui, employés par leur seigneur à l'admi¬
