2713 3552
2567.0 20.0 80.0 80.0 26

586.0 68.0 2064.0 109.0 ville remonte à une époque aussi ancienne

571.0 162.0 2097.0 98.0 Or, ce ne sont point là certainement des phénomènes iso¬

574.0 251.0 2094.0 119.0 lés. Tous nous oblige à admettre que, les mêmes cau¬

550.0 343.0 2103.0 121.0 ses produisant les mêmes effets, <.......> toutes

1175.0 423.0 193.0 65.0 adonnées

550.0 446.0 2127.0 107.0 les localités <..........> au commerce extérieur ont

571.0 529.0 2097.0 128.0 connu des institutions analogues. En dépit des diffé¬

556.0 621.0 2112.0 130.0 rences de détail et de la diversité des noms, toutes

559.0 701.0 2106.0 148.0 ont dû posséder, plus ou moins nombreuse et plus ou

544.0 805.0 2089.0 133.0 moins puissante, leur association marchande.

562.0 888.0 2062.0 145.0 Comme à Saint-Omer, chacune de ces associations

698.0 985.0 560.0 83.0 <......> disposait

559.0 994.0 2091.0 133.0 <......> sans doute d'un local pour ses réunions

562.0 1071.0 2118.0 160.0 avait des doyens, désignait ses membres sous le nom

559.0 1184.0 2118.0 159.0 de frères et exerçait sur eux une certaine juridic¬

544.0 1275.0 2136.0 148.0 tion corporative. Quelques-unes, chose vraiment extraor¬

547.0 1382.0 2127.0 127.0 dinaire et qui témoigne de la rapidité du progrès social

562.0 1468.0 2103.0 124.0 avaient un notaire ou un chancelier chargé de

1048.0 1556.0 406.0 72.0 ses écritures

556.0 1568.0 2088.0 125.0 tenir <............ ......> et que l'on peut  considérer

2055.0 1628.0 270.0 62.0 urbains

553.0 1648.0 2121.0 142.0 comme le lointain ancêtre des clercs <......> de l'ave¬

559.0 1784.0 320.0 104.0 nir (2)

891.0 1814.0 243.0 74.0 à cela

583.0 1855.0 2094.0 128.0 Mais <..> ne se bornait pas l'activité des gildes et des

553.0 1938.0 2136.0 145.0 carités. <.....> Elles ne se contentent point de leurs at¬

533.0 2030.0 2141.0 127.0 tributions corporatives. Hardiment, elles se chargent de

547.0 2110.0 2118.0 145.0 fonctions publiques, et, puisque les autorités restent i¬

539.0 2199.0 2147.0 127.0 inactives, elles <........> agissent à leur place. A Saint¬

550.0 2288.0 2083.0 136.0 Omer, la gilde <...... .... .... ......> affecte chaque année

547.0 2368.0 2127.0 133.0 l'excédent de ses revenus à <..............> l'utilité

556.0 2465.0 2103.0 113.0 commune, c'est-à-dire à l'entretien des rues, à la cons¬

536.0 2554.0 2129.0 110.0 truction des portes et de l'enceinte de la ville. ᗞ'autres

1960.0 2622.0 302.0 74.0 <.......>

544.0 2655.0 2124.0 112.0 textes <...... .......> nous donnent le droit de conjec¬

550.0 2752.0 2065.0 116.0 turer que des faits analogues se rencontrèrent dès

2194.0 2812.0 205.0 74.0 à Lille

550.0 2838.0 2118.0 122.0 une époque très ancienne <. .....>. à Arras et à Tour¬

547.0 3022.0 898.0 124.0 Classe des Lettres, 1899.

536.0 3105.0 2144.0 139.0 (2) G. Espinas et H. Pirenne, Les coutumes de la gilde mar¬

550.0 3199.0 2100.0 148.0 chande de Saint-Omer, dans Le Moyen age, 1901, p.189 et

550.0 3332.0 228.0 74.0 suiv.
