2713 3464
2478.0 75.0 78.0 52.0 98

641.0 69.0 2037.0 109.0 Chez celles-ci, les causes économiques qui ont pro¬

621.0 158.0 2016.0 110.0 duits le développement des grandes villes laïques

629.0 251.0 2026.0 109.0 ont été, soit accompagnées comme à Utrecht, soit

626.0 355.0 2037.0 103.0 remplacées, comme à Liège, par des facteurs de na¬

638.0 447.0 2011.0 104.0 ture différente. En effet, même en l’absence d'un

638.0 551.0 2028.0 95.0 commerce développé, les résidences d’évêques ne

635.0 637.0 2020.0 93.0 pouvaient manquer d’attirer dans leurs murs

2360.0 689.0 118.0 67.0 dans

626.0 718.0 2037.0 101.0 une population très nombreuse(1). Comme nos mo¬

644.0 799.0 2005.0 116.0 dernes capitales, la présence de nombreux fonction¬

629.0 909.0 2031.0 84.0 naires et d’institutions importantes suffisait

647.0 1010.0 2008.0 72.0 à y maintenir un mouvement et une vie con¬

635.0 1082.0 2040.0 107.0 sidérables. C’est à Liège que l’on peut le mieux cons¬

632.0 1183.0 2034.0 90.0 tater cet état de choses. La grande cité mosane, en

2452.0 1244.0 87.0 75.0 la

638.0 1287.0 1996.0 98.0 effet, ne devint que sur la fin du Moyen Âge <....>

626.0 1388.0 2034.0 89.0 ruche industrielle qu’elle a toujours été depuis lors,

650.0 1469.0 1993.0 124.0 <........> Jusqu’au milieu du XIVe siècle, elle fut

632.0 1596.0 2011.0 89.0 essentiellement une ville de prêtres, toute hérissée de

1288.0 1651.0 165.0 78.0 toute

647.0 1694.0 2011.0 84.0 tours d'églises et parsémée de larges enclos monas¬

629.0 1778.0 2034.0 106.0 tiques. A mesure que grandit sa population cléricale

638.0 1864.0 2008.0 116.0 et que la cour de l’évêque se développa, le nombre des

638.0 1974.0 2020.0 89.0 artisans nécessaires à l’entretien de tout ce monde

638.0 2055.0 2028.0 110.0 augmenta dans la même proportion. Mais la

650.0 2176.0 2034.0 81.0 cité <...> n'apparaît pas suelement comme une vaste

641.0 2260.0 2011.0 101.0 agglomération de petits bourgeois. Les incessants be¬

644.0 2364.0 2034.0 98.0 soins d'argent des établissements ecclésiastiques

647.0 2453.0 2005.0 107.0 firent bientôt surgir à côté d’eux une classe puis¬

2467.0 2531.0 49.0 64.0 l'

635.0 2557.0 2031.0 95.0 sant de manieurs d’argent, qui, malgré <...> inter¬

638.0 2641.0 2028.0 104.0 diction du prêt à intérêt, accumulèrent bientôt, grâce

644.0 2742.0 2011.0 101.0 à des avances au taux de 30 et 50 pour cent, fortu¬

641.0 2840.0 2028.0 101.0 nes considérables. Liège fut, comme une autre ville é¬

650.0 2932.0 2010.0 119.0 piscopale des Pays-Bas, Arras, une ville de banquiers ou

647.0 3126.0 1918.0 176.0 (1) Il faut faire une exception pour Térouanne

652.0 3233.0 2006.0 141.0 dont le diocèse était trop peu étendu pour lui pro¬

641.0 3334.0 1176.0 124.0 curer une réelle importance.
