2713 3436
2543.0 25.0 112.0 100.0 223

544.0 20.0 1988.0 128.0 sultats. Là aussi, des « comités des 18 » disposent

547.0 146.0 2117.0 88.0 de troupes régulières exercent en réalité, sous le couvert

532.0 246.0 2103.0 83.0 des vieilles institutions, une dictature mi théocratique

538.0 335.0 2166.0 105.0 et mi-démagogique. Vainement le prince d’Orange s’efforce

538.0 423.0 2129.0 112.0 de rappeler à la raison ces fougueux zélateurs; vainement il

535.0 541.0 2097.0 83.0 les exhorte à la modération, au maintien de la liberté de

547.0 624.0 2085.0 88.0 conscience, à l’union de toutes les forces contre l’ennemi

547.0 715.0 2128.0 106.0 commun. <..................................> La pas¬

544.0 813.0 2123.0 91.0 sion religieuse déchaînée s’en prend maintenant à lui.

541.0 899.0 2117.0 100.0 Des ministres le traitent en chaire de papiste. La prudence

532.0 987.0 2112.0 126.0 et les ménagements que lui impose son génie politique

532.0 1076.0 2095.0 123.0 sont taxés de trahison ou d’outrages à <.....> la majesté

538.0 1171.0 2120.0 114.0 divine. Aux yeux des calvinistes fougueux qui dominent

544.0 1268.0 2094.0 112.0 dans les grandes villes, la cause nationale ne compte

538.0 1365.0 2123.0 115.0 plus. Ce qu’ils veulent, c’est le contonne¬

527.0 1451.0 2105.0 120.0 ment à la suisse, la liberté pour chaque grande cité

544.0 1534.0 2126.0 129.0 d'organiser dans ses murs et d’imposer à ses alentours

535.0 1632.0 2126.0 137.0 la stricte et exclusive observance de la vraie religion

535.0 1723.0 2137.0 129.0 <.....>. Ils ont beau voir toute la noblesse <........>, exaspé¬

541.0 1818.0 2111.0 137.0 rée par leur fanatisme retourner vers le roi, les provinces

544.0 1915.0 2126.0 126.0 wallonnes où n’ont point pénétré les troupes protestantes

541.0 2018.0 2126.0 129.0 et où la minorité calviniste est impuissante conclure

538.0 2104.0 2157.0 158.0 la paix avec Farnèse, rien n’y fait. <.............>

532.0 2207.0 2149.0 149.0 <...............................> Les villes persis¬

535.0 2296.0 2083.0 169.0 tent dans leur isolement jusqu’au jour où, l’une après

558.0 2405.0 2097.0 140.0 l’autre, bloquées par les troupes espagnoles, elles ouvrent

561.0 2505.0 2123.0 152.0 enfin leurs portes au vainqueur et subissent le sort que,

570.0 2594.0 1475.0 149.0 depuis longtemps, Orange leur a prédit. ¬
