2713 3486
2512 66 104 71 83

584.0 69.0 2079.0 119.0 Pour l’une comme pour l’autre, on a recours au même

555.0 151.0 2070.0 133.0 système autoritaire que nous avons déjà constaté. Des

543.0 255.0 2106.0 116.0 employés spéciaux sont chargés de l’examen constant

537.0 328.0 2106.0 113.0 et minutieux de l’industrie. Au marché, comme à

549.0 424.0 2088.0 113.0 l'intérieur des boutiques au des petits ateliers des arti¬

543.0 508.0 2091.0 125.0 sans, leur présence est continuelle. Nulle porte ne peut

546.0 592.0 2120.0 131.0 leur être fermée. Jour et nuit ils ont le droit de péné¬

552.0 682.0 2097.0 113.0 trer comme nos modernes fonctionnaires des ac¬

555.0 764.0 2082.0 136.0 cises, dans tous les endroits où l’on travaille. Pour

552.0 865.0 2105.0 131.0 faciliter leur contrôle, les règlements municipaux

546.0 961.0 2120.0 119.0 imposent à l’artisan d’exercer son métier ostensible¬

546.0 1034.0 2120.0 136.0 ment, devant sa fenêtre. <.....> Le pouvoir munici¬

564.0 1130.0 2079.0 136.0 pal multiplie les prescriptions qu’il doit respecter.

567.0 1217.0 2070.0 130.0 Il fixe, suivant les diverses branches d’industrie, le

561.0 1304.0 2079.0 128.0 genre des outils à employer, la qualité de la matière

569.0 1388.0 2056.0 134.0 première, les procédés à suivre dans l’élaboration

569.0 1469.0 2062.0 128.0 du produit etc. Les peines les plus sévères, de lourdes

555.0 1571.0 2059.0 119.0 amendes, la suspension temporaire, le bannisse¬

543.0 1661.0 2111.0 122.0 ment même, frappant les fraudes ou même de sim¬

543.0 1743.0 2120.0 139.0 ples négligences. Surtout, et dans le but de rendre la

546.0 1838.0 2120.0 119.0 surveillance plus facile <..............>, les diverses

526.0 1943.0 2146.0 93.0 espèces de travailleurs sont réparties en groupes distincts,

543.0 2024.0 2135.0 116.0 par professions (Minister) <....>. Les métiers ne sont

535.0 2126.0 2140.0 107.0 en effet à l’origine que les cadres dans lesquels l'auto¬

526.0 2219.0 2137.0 99.0 rité urbaine classe sous sa haute direction, tous les ar¬

558.0 2306.0 2096.0 108.0 tisans de la ville. Ils ne constituent en rien, à la pé¬

543.0 2393.0 2094.0 119.0 riode du débuts, des corporations autonomes. Leurs

543.0 2495.0 2071.0 125.0 chefs ( doyens, maîtres, vinders, etc. ) leur sont imposés

549.0 2597.0 2126.0 104.0 par l’échevinage, leurs <......> règlements ne dépen¬

543.0 2681.0 2129.0 116.0 dent que de celui-ci et c’est tout au plus s’ils sont consul¬

546.0 2780.0 2030.0 107.0 tés lors de leur élaboration. Inutile d’ajouter sans

2023.0 2870.0 82.0 46.0 et

546.0 2875.0 2129.0 117.0 doute que le travail est obligatoire, la grève considé¬

523.0 2968.0 2111.0 114.0 rée comme un délit contre le « corps de la ville ». Bref, de

543.0 3070.0 2132.0 113.0 quelque côté que l’on se tourne, on rencontre également

537.0 3172.0 2123.0 96.0 la barrière du pouvoir municipal enserrant l’arti¬

535.0 3265.0 2134.0 119.0 san au profit de la généralité : Sa situation est tout
