2713 3438
2391 5 168 104 145

619.0 40.0 1930.0 149.0 Après la bataille de Courtrai, l’issue du double con¬

605.0 146.0 1978.0 123.0 flit politique qui tenait la Flandre en suspens <..>

2279.0 197.0 104.0 57.0 <..>

607.0 220.0 1968.0 135.0 <........> n’était plus douteuse. <........................>

605.0 306.0 1987.0 126.0 Le comté revint à la maison de Dampierre et le régime

610.0 381.0 1965.0 140.0 démocratique s’implanta dans toutes les villes. Phi¬

616.0 487.0 1970.0 131.0 lippe le Bel et les patriciens furent vaincus en même

605.0 578.0 2004.0 121.0 temps. Le roi eut beau, durant les années suivantes, met¬

610.0 670.0 1988.0 115.0 tre sur pied de nouvelles troupes et les conduire lui-même

613.0 770.0 1962.0 103.0 au combat, tous ses efforts échouèrent devant les ar¬

2520.0 776.0 104.0 123.0 le

605.0 845.0 2004.0 137.0 mées communales, plus indomptables à mesure que <.....>

607.0 954.0 1965.0 120.0 succès augmentait <....> leur confiance en elles-mêmes.

619.0 1045.0 1979.0 126.0 Il dut se résigner à traiter. Le fils de Gui de Dampierre

622.0 1140.0 1979.0 114.0 Robert de Béthune, accepta pour obtenir la reconnais¬

622.0 1234.0 1953.0 121.0 sance officielle de ses droits, les stipulations de la paix

633.0 1337.0 1968.0 124.0 d’Athis (juin 1305). Elle cédait à la France les châtelle¬

1964.0 1415.0 72.0 69.0 et

630.0 1441.0 1913.0 123.0 nies de Lille, de Douai et de Béthune, imposait à la

633.0 1529.0 1945.0 118.0 Flandre, outre une <.......> lourde indemnité de

651.0 1618.0 1975.0 138.0 guerre, l’obligation de démolir toutes ses forteresses et

636.0 1713.0 1993.0 126.0 d’humiliantes amendes honorables. En y consentant, Ro¬

651.0 1819.0 1961.0 120.0 bert de Béthune n’avait évidemment pris souci que de

645.0 1896.0 1970.0 123.0 ses intérêts de prince. <..........> La cause de la dynas¬

651.0 2016.0 1990.0 106.0 tie et celle du peuple, unies pendant la lutte, se séparaient

630.0 2105.0 1994.0 109.0 l'une de l'autre. Mais le "commua", qui avait été soi¬

659.0 2197.0 1956.0 123.0 gneusement exclu des négociations de la paix, refusa

659.0 2297.0 1982.0 103.0 obstinément de se soumettre. <................................>

659.0 2386.0 1942.0 109.0 <..........> D’ailleurs la rentrée dans le pays des Le¬

662.0 2469.0 1973.0 120.0 liaerts émigrés lui faisait craindre que le traité n'ait

656.0 2564.0 1959.0 131.0 été qu'une machination ourdie contre lui par le roi,

659.0 2675.0 1947.0 106.0 le comte et les patriciens. La guerre reprit bientôt et

665.0 2776.0 1950.0 91.0 Robert de Béthune lui-même, mécontent de l’attitude de

685.0 2870.0 1933.0 106.0 la couronne à son égard finit par y prendre part. Louis

671.0 2953.0 1944.0 132.0 X et Philippe le Long ne réussirent pas mieux que Philippe

668.0 3054.0 1961.0 114.0 le Bel. <..............> Les troupes françaises ne purent fran¬

673.0 3145.0 1928.0 92.0 chir le cours de la Lys. Partout, elles trouvèrent devant elles

685.0 3240.0 1936.0 106.0 les gros bataillons des communes, et, manifestement, elles
