2713 3552
2511.0 35.0 127.0 53.0 22

903.0 26.0 477.0 77.0 <.............>

556.0 56.0 2100.0 127.0 <............ ... ...... ...... ...... .....>

553.0 148.0 2115.0 118.0 <........> Sous la pression de la nécessité <........> s’élabore

562.0 224.0 2136.0 151.0 <....> confusément tout un programme de réformés. Sans

553.0 310.0 2103.0 136.0 théorie préconcue, sans l'excitation du moindre idéalis¬

568.0 396.0 2085.0 139.0 me, des besoins nouveaux réclament <..> leur satis¬

1030.0 479.0 359.0 80.0 Ils <..> tendent

550.0 497.0 2100.0 130.0 faction. <.......... ..... ......> à bouleverser

547.0 592.0 2088.0 124.0 tout le droit et toute l'administration de l'époque.

574.0 683.0 2023.0 133.0 Jamais peut-être, sauf à la fin du XVIII^e siècle et de nos

556.0 772.0 2088.0 136.0 jours, la civilisation <.............> ne s'est trouvée

547.0 870.0 2088.0 142.0 en présence d'une rénovation aussi profonde. Jamais

544.0 970.0 2142.0 131.0 non plus les circonstances économiques n'ont agi plus

627.0 1056.0 457.0 86.0 activement

580.0 1065.0 1703.0 139.0 <............> et plus directement sur elle

1392.0 1195.0 287.0 225.0 III

1762.0 1382.0 121.0 74.0 pas

696.0 1394.0 1922.0 145.0 On ne comprendrait <....> comment le droit

544.0 1488.0 2094.0 142.0 urbain a pu triompher — et triompher en somme

539.0 1586.0 2135.0 154.0 assez facilement , — si l'on ne s'avisait point de deux cir¬

544.0 1681.0 2086.0 142.0 circonstances qui ont favorisé ses progrès : tout d'abord,

542.0 1770.0 2135.0 159.0 la plasticité des institutions à l'époque de sa naissance

1922.0 1835.0 349.0 71.0 constituées

533.0 1847.0 2132.0 174.0 ensuite la liberté dont les autorités <.....> l'ont laissé

550.0 1935.0 2100.0 172.0 jouir à ses débuts. <.. ..... ..... .... ......>

536.0 2021.0 2138.0 181.0 <...... ....... .........> Un droit coutumier, non écrit

544.0 2113.0 2127.0 166.0 traditionnel et rudimentaire, une administration de forme

536.0 2264.0 536.0 118.0 patriarcale et

1066.0 2202.0 1593.0 148.0 confiée à des officiaires héréditaires, l'un et

2250.0 2258.0 403.0 83.0 se  trouvaient

536.0 2302.0 2097.0 169.0 l'autre faits pour une civilisation très simple <... ....>

536.0 2400.0 2091.0 151.0 <.........> incapables de s'imposer aux manifestations

539.0 2489.0 2135.0 172.0 nouvelles de l'activité sociale qui surgirent avec la re¬

544.0 2592.0 2124.0 166.0 naissance du commerce. Les princes de leur côté ne son¬

1599.0 2684.0 95.0 62.0 I

544.0 2681.0 2121.0 184.0 gèrent pas à entraver un mouvement qui, loin de les mena¬

536.0 2782.0 2055.0 175.0 cer, tournait plutôt à leur avantage en augmentant

536.0 2886.0 2114.0 142.0 leurs ressources dans la mesure même où le commerce se

539.0 2965.0 2126.0 157.0 dévéloppant rendait leurs tonlieux plus productifs. Tous

527.0 3063.0 2106.0 145.0 laïques ou ecclésiastiques, ne <...... ... ..... ........>

518.0 3152.0 2150.0 136.0 <.......... ...... .... ....>manquent pas

539.0 3223.0 2123.0 157.0 de prendre sous leur sauvegarde, les marchands tra¬

527.0 3291.0 2144.0 169.0 versant leur terre : depuis le commencement du XI^e siècle, les

151.0 1184.0 145.0 224.0 V
