<?xml version='1.0' encoding='UTF-8'?>
<alto xmlns="http://www.loc.gov/standards/alto/ns-v4#" xmlns:xsi="http://www.w3.org/2001/XMLSchema-instance" xsi:schemaLocation="http://www.loc.gov/standards/alto/ns-v4# http://www.loc.gov/standards/alto/v4/alto-4-2.xsd">
  <Description>
    <MeasurementUnit>pixel</MeasurementUnit>
    <sourceImageInformation>
      <fileName>ARCH-DIV-000494_0045.png</fileName>
    </sourceImageInformation>
  </Description>
  <Tags>
    <OtherTag ID="BT1" LABEL="Title" DESCRIPTION="block type Title" /><OtherTag ID="BT2" LABEL="Main" DESCRIPTION="block type Main" /><OtherTag ID="BT3" LABEL="Commentary" DESCRIPTION="block type Commentary" /><OtherTag ID="BT4" LABEL="Illustration" DESCRIPTION="block type Illustration" /><OtherTag ID="BT130" LABEL="TitlePageZone" DESCRIPTION="block type TitlePageZone" /><OtherTag ID="BT131" LABEL="MarginTextZone" DESCRIPTION="block type MarginTextZone" /><OtherTag ID="BT132" LABEL="MainZone" DESCRIPTION="block type MainZone" /><OtherTag ID="BT133" LABEL="CustomZone:numbering" DESCRIPTION="block type CustomZone:numbering" /><OtherTag ID="BT134" LABEL="NumberingZone" DESCRIPTION="block type NumberingZone" /><OtherTag ID="BT136" LABEL="MarginTextZone:lower" DESCRIPTION="block type MarginTextZone:lower" />
    <OtherTag ID="LT75" LABEL="HeadingLine" DESCRIPTION="line type HeadingLine" /><OtherTag ID="LT76" LABEL="DefaultLine" DESCRIPTION="line type DefaultLine" /><OtherTag ID="LT77" LABEL="InterlinearLine:correction" DESCRIPTION="line type InterlinearLine:correction" /><OtherTag ID="LT78" LABEL="InterlinearLine:addition" DESCRIPTION="line type InterlinearLine:addition" />
  </Tags>
  <Layout>
    <Page WIDTH="2713" HEIGHT="3529" PHYSICAL_IMG_NR="40" ID="eSc_dummypage_">
      <PrintSpace HPOS="0" VPOS="0" WIDTH="2713" HEIGHT="3529">
        <TextBlock HPOS="2518.0" VPOS="28.0" WIDTH="165.0" HEIGHT="55.0" ID="eSc_textblock_208996c9" TAGREFS="BT134">
          <Shape><Polygon POINTS="2518 28 2518 83 2683 83 2683 28" /></Shape>
          <TextLine ID="eSc_line_cea281d8" TAGREFS="LT76" BASELINE="2546 59 2634 65" HPOS="2542.0" VPOS="29.0" WIDTH="91.0" HEIGHT="59.0">
            <Shape><Polygon POINTS="2604 29 2574 29 2545 29 2545 58 2542 88 2630 76 2633 64 2630 29 2604 29" /></Shape>
	    <String CONTENT="37" HPOS="2542.0" VPOS="29.0" WIDTH="91.0" HEIGHT="59.0" />
          </TextLine>
        </TextBlock>
        <TextBlock HPOS="509.0" VPOS="13.0" WIDTH="2204.0" HEIGHT="3504.0" ID="eSc_textblock_0e2d1fbd" TAGREFS="BT132">
          <Shape><Polygon POINTS="521 13 509 3517 2713 3475 2713 90 2514 82 2513 82 2462 52" /></Shape>
          <TextLine ID="eSc_line_7e9096bc" TAGREFS="LT76" BASELINE="602 123 1406 109 2709 114" HPOS="597.0" VPOS="41.0" WIDTH="2110.0" HEIGHT="97.0">
            <Shape><Polygon POINTS="2686 88 2509 79 2451 49 2415 49 2259 67 2230 47 2201 47 2153 55 2024 41 1974 67 1945 41 1821 41 1756 58 1733 44 1721 44 1650 73 1250 73 1212 44 1079 44 1035 67 991 44 906 44 870 70 676 58 597 73 600 132 2704 138 2707 111 2704 88 2686 88" /></Shape>
	    <String CONTENT="vorables, la naissance et le développement des in¬" HPOS="597.0" VPOS="41.0" WIDTH="2110.0" HEIGHT="97.0" />
          </TextLine>
          <TextLine ID="eSc_line_9d1315fb" TAGREFS="LT76" BASELINE="592 209 1410 196 2679 198" HPOS="588.0" VPOS="132.0" WIDTH="2089.0" HEIGHT="100.0">
            <Shape><Polygon POINTS="591 208 591 232 800 217 1209 226 1321 229 1324 229 1344 226 1400 214 2674 214 2677 197 2674 155 2548 155 2524 135 2521 135 2518 135 2515 135 2289 149 2203 132 2201 132 2095 155 2045 141 2042 141 2039 141 2036 141 2033 141 2012 158 1815 158 1777 138 1774 138 1771 138 1680 152 1641 135 1638 135 1494 135 1491 135 1385 158 1197 138 1194 138 1191 138 1188 138 1153 161 897 161 862 138 859 138 856 138 667 138 665 138 662 138 588 161 591 208" /></Shape>
	    <String CONTENT="stitutions urbaines. La vie municipale s’y est ma¬" HPOS="588.0" VPOS="132.0" WIDTH="2089.0" HEIGHT="100.0" />
          </TextLine>
          <TextLine ID="eSc_line_731ae2b6" TAGREFS="LT76" BASELINE="600 294 1467 276 2636 278" HPOS="594.0" VPOS="211.0" WIDTH="2039.0" HEIGHT="115.0">
            <Shape><Polygon POINTS="597 291 597 311 767 326 847 305 968 326 968 323 997 299 1050 299 1421 323 1447 299 1650 294 1868 320 1877 320 1912 294 1965 294 2042 320 2050 320 2103 297 2233 305 2253 291 2421 294 2448 317 2595 299 2624 314 2633 276 2630 235 2489 235 2430 211 2418 211 2392 232 1636 214 1588 238 1547 217 1435 232 1297 217 1227 238 1174 223 1165 223 1115 241 1088 220 941 241 900 220 891 220 823 241 767 226 756 226 732 241 594 238 597 291" /></Shape>
	    <String CONTENT="nifestée plus énergiquement et plus purement que" HPOS="594.0" VPOS="211.0" WIDTH="2039.0" HEIGHT="115.0" />
          </TextLine>
          <TextLine ID="eSc_line_c0158046" TAGREFS="LT76" BASELINE="604 380 1353 364 2626 358" HPOS="600.0" VPOS="299.0" WIDTH="2024.0" HEIGHT="109.0">
            <Shape><Polygon POINTS="603 379 603 408 806 394 865 405 879 405 921 388 953 402 1124 388 1224 402 1297 385 1433 397 1500 399 1638 382 1759 397 1768 397 1789 382 2059 394 2156 376 2621 376 2624 355 2618 317 2439 299 2430 299 2409 317 1868 308 1730 323 1700 305 1541 305 1541 308 1521 326 1477 308 1385 323 1344 308 1335 308 1274 326 1035 311 1015 332 953 332 915 311 903 311 876 332 750 314 744 314 706 332 665 314 656 314 600 335 603 379" /></Shape>
	    <String CONTENT="partout ailleurs, et c’est dans ce pays intermédiaire" HPOS="600.0" VPOS="299.0" WIDTH="2024.0" HEIGHT="109.0" WC="0.9777801576650368" />
          </TextLine>
          <TextLine ID="eSc_line_5b33aa97" TAGREFS="LT76" BASELINE="590 462 2240 443 2691 448" HPOS="585.0" VPOS="379.0" WIDTH="2104.0" HEIGHT="112.0">
            <Shape><Polygon POINTS="588 461 588 476 1135 491 1247 470 1430 485 1518 470 1686 482 1753 464 1933 482 1965 461 2683 473 2689 447 2683 397 2471 399 2448 382 2433 382 2406 402 2330 402 2277 379 2265 379 2227 402 2089 382 2059 402 2024 385 2015 385 1950 408 1842 408 1809 385 1718 399 1689 385 1680 385 1621 408 1403 388 1330 411 1224 391 1112 414 1012 394 879 394 853 417 794 397 785 397 709 417 585 414 588 461" /></Shape>
	    <String CONTENT="entre les deux grandes civilisations de l’Occident, ouvert" HPOS="585.0" VPOS="379.0" WIDTH="2104.0" HEIGHT="112.0" WC="0.9936739689317243" />
          </TextLine>
          <TextLine ID="eSc_line_26631ef3" TAGREFS="LT76" BASELINE="602 556 1887 523 2493 523 2683 537" HPOS="597.0" VPOS="452.0" WIDTH="2083.0" HEIGHT="130.0">
            <Shape><Polygon POINTS="600 555 600 582 1218 558 1397 570 1447 570 1506 549 1877 544 1906 558 1921 558 2215 538 2677 544 2680 535 2677 470 2477 452 2454 470 2165 458 2074 479 2036 461 2024 461 2006 476 1803 470 1706 488 1377 476 1303 497 1268 485 1247 485 1091 499 1035 482 1023 482 997 502 929 488 897 485 897 488 873 508 791 508 744 488 732 488 732 491 712 508 597 494 600 555" /></Shape>
	    <String CONTENT="à toutes leurs influences et enfin divisé lui même" HPOS="597.0" VPOS="452.0" WIDTH="2083.0" HEIGHT="130.0" />
          </TextLine>
          <TextLine ID="eSc_line_77a45388" TAGREFS="LT76" BASELINE="606 643 1849 603 2695 607" HPOS="600.0" VPOS="544.0" WIDTH="2092.0" HEIGHT="129.0">
            <Shape><Polygon POINTS="603 641 603 673 1091 649 1194 664 1235 635 1656 629 1783 652 1806 626 1927 623 2036 646 2106 620 2271 638 2692 623 2692 605 2689 555 2286 549 2171 564 2153 564 2106 544 2098 544 2056 558 1947 544 1794 564 1750 549 1515 552 1477 579 1303 579 1235 558 1227 558 1174 582 1126 564 1118 564 1056 585 1038 588 932 564 803 579 750 567 738 567 703 591 694 594 600 594 603 641" /></Shape>
	    <String CONTENT="entre la race romane et la race germanique que" HPOS="600.0" VPOS="544.0" WIDTH="2092.0" HEIGHT="129.0" />
          </TextLine>
          <TextLine ID="eSc_line_bb105da9" TAGREFS="LT76" BASELINE="600 743 1522 701 2059 694 2695 699" HPOS="594.0" VPOS="629.0" WIDTH="2098.0" HEIGHT="132.0">
            <Shape><Polygon POINTS="597 741 597 755 1023 761 1068 738 1177 749 1291 732 1318 752 1327 755 1409 755 1409 752 1653 723 1718 738 1759 744 2159 711 2689 717 2692 696 2689 641 2348 629 2315 652 2203 652 2100 629 1918 635 1892 652 1809 638 1674 661 1515 644 1468 667 1288 652 1162 673 1050 655 1026 682 994 667 988 667 788 688 770 688 712 664 706 664 594 691 597 741" /></Shape>
	    <String CONTENT="l'on peut le mieux apprécier, par la variété même et" HPOS="594.0" VPOS="629.0" WIDTH="2098.0" HEIGHT="132.0" />
          </TextLine>
          <TextLine ID="eSc_line_357aa71a" TAGREFS="LT76" BASELINE="600 839 1657 797 2275 792 2679 797" HPOS="594.0" VPOS="714.0" WIDTH="2083.0" HEIGHT="159.0">
            <Shape><Polygon POINTS="597 838 597 873 818 844 994 861 1032 844 1088 855 1253 832 1362 846 1380 829 1541 841 1691 820 1821 820 1859 838 1871 838 2024 817 2201 826 2242 805 2671 814 2677 796 2671 717 2589 732 2559 717 2542 714 2462 735 2406 717 2398 717 2336 741 2192 723 2153 744 2068 732 2009 749 1903 729 1789 755 1653 738 1571 761 1377 744 1347 746 1224 770 1147 749 1026 776 929 761 732 779 594 767 597 838" /></Shape>
	    <String CONTENT="la richesse du milieu dans lequel elle se développe," HPOS="594.0" VPOS="714.0" WIDTH="2083.0" HEIGHT="159.0" />
          </TextLine>
          <TextLine ID="eSc_line_4e895095" TAGREFS="LT76" BASELINE="594 925 1461 897 2165 895" HPOS="588.0" VPOS="829.0" WIDTH="1574.0" HEIGHT="117.0">
            <Shape><Polygon POINTS="591 923 591 946 2159 914 2162 894 2159 844 2106 829 2095 829 2074 849 1974 849 1874 829 1771 852 1759 852 1718 829 1503 844 1456 832 1153 867 1141 867 1056 849 1012 873 915 873 915 870 885 846 870 846 832 876 759 876 729 849 729 846 715 846 694 870 638 849 626 849 588 870 591 923" /></Shape>
	    <String CONTENT="la nature propre de la ville médiévale." HPOS="588.0" VPOS="829.0" WIDTH="1574.0" HEIGHT="117.0" />
          </TextLine>
          <TextLine ID="eSc_line_a9d8cc4f" TAGREFS="LT76" BASELINE="665 1035 2669 1021" HPOS="659.0" VPOS="952.0" WIDTH="2009.0" HEIGHT="109.0">
            <Shape><Polygon POINTS="662 1032 662 1055 1853 1061 1856 1061 1859 1061 1892 1046 1897 1046 1921 1046 2077 1061 2080 1061 2665 1041 2668 1020 2660 958 2559 976 2474 961 2427 952 2424 952 2421 952 2418 952 2409 961 2386 979 1747 979 1724 973 1668 955 1665 955 1662 955 1535 976 1506 979 1468 976 1235 958 1232 958 1229 958 1168 982 1156 988 1076 988 1071 985 1018 961 1015 961 1012 961 915 982 723 961 720 961 717 961 659 985 662 1032" /></Shape>
	    <String CONTENT="Le caractère le plus saillant qu’elle présente, c’est de" HPOS="659.0" VPOS="952.0" WIDTH="2009.0" HEIGHT="109.0" />
          </TextLine>
          <TextLine ID="eSc_line_2a89dcd4" TAGREFS="LT76" BASELINE="578 1125 1188 1113 2685 1103" HPOS="573.0" VPOS="1041.0" WIDTH="2110.0" HEIGHT="102.0">
            <Shape><Polygon POINTS="576 1123 576 1141 1739 1143 1800 1129 1833 1129 1992 1143 2298 1126 2457 1141 2471 1123 2521 1138 2683 1120 2683 1102 2677 1061 2477 1041 2468 1041 2427 1067 2354 1067 2351 1061 2330 1046 2330 1043 2071 1043 2039 1067 1865 1046 1827 1064 1821 1070 1700 1070 1671 1067 1580 1049 1491 1067 1477 1067 1371 1049 1318 1067 1300 1076 1227 1076 1185 1052 1062 1073 944 1061 906 1079 650 1079 623 1058 612 1058 573 1070 576 1123" /></Shape>
	    <String CONTENT="reposer sur le privilège. Comme le noble, le bourgeois est" HPOS="573.0" VPOS="1041.0" WIDTH="2110.0" HEIGHT="102.0" />
          </TextLine>
          <TextLine ID="eSc_line_416fdab0" TAGREFS="LT76" BASELINE="586 1217 1396 1199 2612 1193" HPOS="582.0" VPOS="1126.0" WIDTH="2028.0" HEIGHT="120.0">
            <Shape><Polygon POINTS="585 1214 585 1235 597 1246 609 1246 641 1232 703 1246 888 1232 1018 1243 1277 1220 1291 1220 1324 1241 1332 1243 1427 1243 1465 1217 1568 1217 1683 1238 1756 1214 1900 1214 1924 1229 1933 1229 2165 1211 2342 1232 2398 1211 2554 1229 2610 1205 2610 1191 2604 1149 2501 1129 2492 1129 2465 1149 2315 1149 2224 1126 2212 1126 2192 1143 2145 1129 2136 1129 2080 1149 2050 1126 2042 1126 1718 1158 1680 1158 1653 1135 1653 1132 1641 1132 1556 1155 1465 1135 1459 1135 1418 1152 1388 1135 1250 1135 1229 1152 1194 1135 1182 1135 1141 1161 1097 1146 1088 1146 1032 1161 968 1138 959 1138 865 1167 673 1167 653 1149 641 1149 582 1167 585 1214" /></Shape>
	    <String CONTENT="un privilégié et c’est par là que la ville du Moyen âge" HPOS="582.0" VPOS="1126.0" WIDTH="2028.0" HEIGHT="120.0" />
          </TextLine>
          <TextLine ID="eSc_line_42f9abf2" TAGREFS="LT76" BASELINE="588 1309 1836 1282 2689 1278" HPOS="582.0" VPOS="1208.0" WIDTH="2104.0" HEIGHT="130.0">
            <Shape><Polygon POINTS="585 1308 585 1320 753 1338 1312 1308 1503 1308 1538 1323 1547 1323 1615 1305 1753 1320 1803 1302 1918 1314 1956 1299 2686 1299 2686 1276 2683 1229 2642 1208 2633 1208 2583 1229 2583 1232 2459 1232 2421 1211 2412 1211 2368 1235 2180 1235 2159 1220 2145 1220 2118 1238 2095 1238 1821 1220 1724 1223 1697 1246 1491 1246 1444 1226 1435 1226 1388 1249 1374 1249 1271 1229 1159 1249 1100 1232 1091 1232 1032 1249 971 1235 903 1255 847 1241 835 1241 815 1255 812 1261 697 1261 653 1241 644 1241 582 1258 585 1308" /></Shape>
	    <String CONTENT="s'oppose le plus clairement à la ville antique. Dans l'an¬" HPOS="582.0" VPOS="1208.0" WIDTH="2104.0" HEIGHT="130.0" />
          </TextLine>
          <TextLine ID="eSc_line_37383682" TAGREFS="LT77" BASELINE="2046 1332 2256 1321" HPOS="2042.0" VPOS="1288.0" WIDTH="211.0" HEIGHT="64.0">
            <Shape><Polygon POINTS="2045 1329 2045 1338 2100 1352 2103 1352 2253 1332 2253 1320 2245 1288 2042 1291 2045 1329" /></Shape>
	    <String CONTENT="qui l'" HPOS="2042.0" VPOS="1288.0" WIDTH="211.0" HEIGHT="64.0" />
          </TextLine>
          <TextLine ID="eSc_line_38db9a9a" TAGREFS="LT76" BASELINE="588 1399 1667 1374 2685 1368" HPOS="582.0" VPOS="1305.0" WIDTH="2101.0" HEIGHT="121.0">
            <Shape><Polygon POINTS="2168 1326 2053 1329 2045 1317 2027 1311 1897 1329 1812 1314 1789 1332 1674 1317 1512 1335 1403 1320 1365 1338 1203 1323 1126 1341 991 1326 971 1343 876 1329 859 1346 706 1346 656 1332 647 1332 582 1349 585 1426 818 1408 1141 1417 1247 1417 1694 1396 1803 1411 1862 1393 2027 1408 2242 1388 2409 1399 2683 1382 2677 1320 2468 1305 2427 1326 2168 1326" /></Shape>
	    <String CONTENT="tiquité, la cité est le centre du peuple &lt;.....&gt; a construite." HPOS="582.0" VPOS="1305.0" WIDTH="2101.0" HEIGHT="121.0" />
          </TextLine>
          <TextLine ID="eSc_line_f2da9b6a" TAGREFS="LT76" BASELINE="600 1488 1196 1476 1651 1456 2693 1446" HPOS="594.0" VPOS="1385.0" WIDTH="2098.0" HEIGHT="138.0">
            <Shape><Polygon POINTS="597 1485 597 1496 656 1523 762 1523 762 1520 767 1520 785 1502 823 1517 832 1517 894 1499 1250 1511 1309 1488 1377 1508 1483 1485 1571 1505 1668 1482 1886 1499 1886 1496 1909 1479 2042 1496 2198 1470 2439 1470 2474 1491 2489 1491 2518 1470 2559 1488 2568 1488 2621 1467 2689 1476 2692 1443 2686 1405 2595 1388 2468 1405 2427 1385 2421 1385 2289 1408 2212 1385 2203 1385 2121 1411 2080 1396 2071 1396 2024 1411 1997 1393 1897 1411 1856 1393 1847 1393 1762 1417 1756 1417 1730 1393 1721 1393 1621 1417 1606 1423 1394 1423 1394 1420 1353 1399 1344 1399 1288 1426 1171 1402 1088 1423 1068 1405 941 1405 903 1432 844 1414 712 1435 662 1411 653 1411 594 1429 597 1485" /></Shape>
	    <String CONTENT="Il y a ses temples, ses magistrats; il s’y réunit à époques" HPOS="594.0" VPOS="1385.0" WIDTH="2098.0" HEIGHT="138.0" />
          </TextLine>
          <TextLine ID="eSc_line_5ffe06c6" TAGREFS="LT76" BASELINE="588 1574 1792 1533 2691 1523" HPOS="582.0" VPOS="1455.0" WIDTH="2107.0" HEIGHT="144.0">
            <Shape><Polygon POINTS="585 1573 585 1599 1015 1599 1015 1596 1021 1596 1059 1573 1132 1588 1168 1570 1268 1588 1359 1564 1580 1582 1689 1555 1983 1564 2045 1546 2177 1561 2230 1564 2371 1543 2424 1555 2454 1558 2530 1540 2686 1546 2689 1520 2680 1455 2521 1476 2339 1461 2306 1485 1883 1493 1859 1476 1847 1476 1797 1491 1680 1479 1627 1499 1438 1485 1377 1502 1282 1491 1244 1508 1200 1493 1188 1493 1162 1511 1032 1499 994 1520 779 1520 697 1505 582 1523 585 1573" /></Shape>
	    <String CONTENT="fixes pour prendre part aux élections ou aux fêtes reli¬" HPOS="582.0" VPOS="1455.0" WIDTH="2107.0" HEIGHT="144.0" />
          </TextLine>
          <TextLine ID="eSc_line_3c727501" TAGREFS="LT76" BASELINE="596 1658 2063 1609 2699 1599" HPOS="591.0" VPOS="1540.0" WIDTH="2107.0" HEIGHT="153.0">
            <Shape><Polygon POINTS="594 1655 594 1693 735 1670 859 1688 876 1688 909 1667 973 1685 985 1685 1147 1679 1188 1655 1309 1655 1353 1670 1374 1673 1524 1649 1733 1661 1777 1638 2098 1643 2383 1620 2454 1640 2462 1640 2507 1620 2559 1635 2695 1617 2698 1596 2689 1555 2521 1558 2498 1540 2486 1540 2436 1561 2345 1549 2239 1567 2195 1549 2183 1549 2153 1567 2065 1552 1865 1579 1618 1567 1571 1588 1477 1570 1271 1596 1206 1582 1150 1599 1121 1582 1112 1582 982 1605 903 1590 894 1590 870 1608 650 1599 591 1617 594 1655" /></Shape>
	    <String CONTENT="gieuses. Le paysan a beau différer du citadin par son" HPOS="591.0" VPOS="1540.0" WIDTH="2107.0" HEIGHT="153.0" WC="0.9871745022860441" />
          </TextLine>
          <TextLine ID="eSc_line_1d44b21f" TAGREFS="LT76" BASELINE="606 1729 1577 1715 2026 1697 2705 1691" HPOS="600.0" VPOS="1638.0" WIDTH="2104.0" HEIGHT="123.0">
            <Shape><Polygon POINTS="603 1726 603 1761 1044 1732 1094 1749 1227 1729 1335 1749 1618 1746 1618 1743 1627 1738 1644 1720 1903 1720 1930 1738 1942 1738 2015 1717 2059 1735 2071 1735 2095 1717 2189 1729 2221 1714 2704 1714 2704 1690 2695 1638 2583 1655 2462 1640 2433 1640 2433 1643 2415 1655 2259 1643 2142 1661 2018 1646 1977 1664 1859 1649 1806 1667 1650 1652 1615 1670 1503 1655 1412 1673 1288 1658 1279 1658 1256 1673 1135 1661 1118 1679 968 1679 941 1664 932 1664 885 1679 853 1664 844 1664 803 1685 600 1685 603 1726" /></Shape>
	    <String CONTENT="genre de vie, il n’en est pas moins « citoyen » au même titre" HPOS="600.0" VPOS="1638.0" WIDTH="2104.0" HEIGHT="123.0" WC="0.9897906338346416" />
          </TextLine>
          <TextLine ID="eSc_line_962b3483" TAGREFS="LT76" BASELINE="614 1831 1428 1811 2022 1780 2701 1770" HPOS="609.0" VPOS="1705.0" WIDTH="2089.0" HEIGHT="159.0">
            <Shape><Polygon POINTS="612 1829 612 1864 726 1843 891 1852 941 1835 1009 1855 1023 1855 1094 1835 1518 1835 1518 1832 1550 1817 1624 1838 1733 1835 1753 1817 1797 1832 1809 1832 1865 1808 2000 1820 2153 1799 2239 1814 2256 1796 2303 1808 2377 1793 2406 1814 2415 1817 2462 1817 2462 1814 2468 1814 2489 1790 2536 1811 2551 1811 2615 1796 2695 1805 2698 1767 2692 1726 2562 1705 2451 1732 2262 1714 2115 1720 2042 1743 2003 1723 1995 1723 1924 1746 1856 1729 1847 1729 1771 1749 1753 1732 1653 1732 1615 1755 1506 1740 1380 1758 1341 1743 1330 1743 1300 1767 1109 1770 1015 1749 953 1773 820 1755 791 1782 609 1785 612 1829" /></Shape>
	    <String CONTENT="que lui. Le jus civitatis n’est pas un droit de classe; il appar¬" HPOS="609.0" VPOS="1705.0" WIDTH="2089.0" HEIGHT="159.0" />
          </TextLine>
          <TextLine ID="eSc_line_e0cb5247" TAGREFS="LT76" BASELINE="582 1919 2153 1874 2561 1874 2699 1895" HPOS="576.0" VPOS="1802.0" WIDTH="2122.0" HEIGHT="138.0">
            <Shape><Polygon POINTS="579 1917 579 1940 1871 1899 2306 1905 2354 1888 2689 1896 2698 1893 2692 1820 2548 1802 2415 1808 2392 1829 2145 1814 2062 1838 1956 1817 1897 1832 1839 1820 1768 1843 1621 1826 1500 1852 1165 1838 1132 1861 959 1843 926 1864 806 1852 738 1870 673 1849 665 1849 576 1873 579 1917" /></Shape>
	    <String CONTENT="tient à tous les hommes libres de la nation, qu’ils habitent" HPOS="576.0" VPOS="1802.0" WIDTH="2122.0" HEIGHT="138.0" />
          </TextLine>
          <TextLine ID="eSc_line_65464437" TAGREFS="LT76" BASELINE="602 2009 1694 1984 1965 1964 2538 1964 2703 1974" HPOS="597.0" VPOS="1896.0" WIDTH="2104.0" HEIGHT="136.0">
            <Shape><Polygon POINTS="600 2008 600 2032 1291 2008 1768 2014 1786 1993 1918 1993 2203 2002 2365 1985 2698 1993 2701 1973 2695 1920 2583 1920 2507 1896 2365 1926 2354 1926 2315 1905 2206 1902 1900 1932 1850 1911 1677 1914 1577 1940 1471 1917 1397 1943 1388 1943 1344 1926 1332 1926 1303 1949 923 1952 900 1932 885 1932 885 1935 859 1958 712 1958 653 1938 644 1938 597 1955 600 2008" /></Shape>
	    <String CONTENT="dans les murs ou en dehors des murs &lt;..............&gt;" HPOS="597.0" VPOS="1896.0" WIDTH="2104.0" HEIGHT="136.0" />
          </TextLine>
          <TextLine ID="eSc_line_0c8bc09b" TAGREFS="LT76" BASELINE="588 2099 1241 2086 2026 2050 2642 2044" HPOS="582.0" VPOS="1979.0" WIDTH="2057.0" HEIGHT="144.0">
            <Shape><Polygon POINTS="585 2096 585 2123 2298 2067 2512 2076 2639 2055 2639 2043 2630 1982 2507 1999 2404 1979 2280 2005 2074 1988 2027 2011 1986 1990 1900 1993 1844 2017 1786 1996 1774 1996 1774 1999 1747 2020 1718 2011 1691 2008 1650 2023 1591 2002 1430 2005 1400 2029 1324 2017 1288 2032 1244 2014 1232 2014 1206 2037 1088 2035 1000 2017 1000 2020 979 2037 979 2040 900 2043 788 2023 753 2046 620 2035 582 2049 585 2096" /></Shape>
	    <String CONTENT="&lt;...&gt; Le mot civitas ne désigne pas seulement la cité" HPOS="582.0" VPOS="1979.0" WIDTH="2057.0" HEIGHT="144.0" />
          </TextLine>
          <TextLine ID="eSc_line_a502bf56" TAGREFS="LT76" BASELINE="586 2191 2093 2140 2687 2135" HPOS="582.0" VPOS="2070.0" WIDTH="2104.0" HEIGHT="150.0">
            <Shape><Polygon POINTS="585 2190 585 2208 762 2220 870 2199 1306 2202 1341 2185 1388 2199 1747 2182 2162 2158 2686 2158 2686 2132 2680 2082 2368 2070 2298 2090 2251 2070 2245 2070 1806 2108 1780 2108 1733 2093 1403 2096 1368 2120 1224 2105 1165 2126 1071 2114 1053 2132 971 2135 891 2135 870 2120 859 2120 803 2137 667 2120 582 2143 585 2190" /></Shape>
	    <String CONTENT="proprement dite, l’agglomération bâtie rempa¬" HPOS="582.0" VPOS="2070.0" WIDTH="2104.0" HEIGHT="150.0" />
          </TextLine>
          <TextLine ID="eSc_line_4037587e" TAGREFS="LT76" BASELINE="600 2272 2155 2235 2681 2235" HPOS="594.0" VPOS="2161.0" WIDTH="2086.0" HEIGHT="144.0">
            <Shape><Polygon POINTS="597 2270 597 2305 729 2285 1003 2296 1071 2282 1344 2287 1400 2270 1497 2285 1571 2267 2680 2249 2680 2232 2674 2173 2562 2182 2495 2161 2483 2161 2454 2187 2395 2187 2371 2167 2371 2164 2362 2164 2248 2167 2142 2190 2098 2170 2092 2170 1924 2196 1730 2179 1683 2193 1668 2179 1656 2179 1588 2202 1580 2202 1544 2182 1535 2182 1497 2202 1394 2185 1332 2202 1303 2187 1291 2187 1259 2211 1085 2193 1035 2214 885 2196 806 2220 656 2202 594 2226 597 2270" /></Shape>
	    <String CONTENT="rée; il s’applique à tout le territoire dont la cité est" HPOS="594.0" VPOS="2161.0" WIDTH="2086.0" HEIGHT="144.0" />
          </TextLine>
          <TextLine ID="eSc_line_835fbd2d" TAGREFS="LT76" BASELINE="596 2356 2144 2323" HPOS="591.0" VPOS="2264.0" WIDTH="1551.0" HEIGHT="109.0">
            <Shape><Polygon POINTS="594 2355 594 2373 2139 2340 2142 2320 2133 2279 1789 2279 1753 2264 1750 2264 1747 2264 1744 2264 1694 2287 1689 2287 1686 2287 1650 2273 1647 2273 1644 2273 1533 2287 1494 2270 1491 2270 1488 2270 1335 2276 1332 2276 1330 2276 1330 2279 1312 2293 1309 2296 1303 2293 1235 2276 1232 2276 1229 2276 1121 2299 1097 2305 918 2305 909 2302 859 2285 856 2285 853 2285 756 2305 741 2308 732 2305 656 2290 653 2290 650 2290 647 2290 647 2293 626 2308 623 2311 591 2311 594 2355" /></Shape>
	    <String CONTENT="tout ensemble le cœur et le cerveau." HPOS="591.0" VPOS="2264.0" WIDTH="1551.0" HEIGHT="109.0" />
          </TextLine>
          <TextLine ID="eSc_line_e21ca4a9" TAGREFS="LT76" BASELINE="645 2446 1432 2440 1995 2415 2644 2405" HPOS="641.0" VPOS="2340.0" WIDTH="2001.0" HEIGHT="121.0">
            <Shape><Polygon POINTS="644 2443 644 2461 1583 2458 1633 2440 1700 2455 1915 2432 2642 2420 2642 2402 2636 2367 2521 2340 2392 2370 2330 2349 2321 2349 2271 2367 2248 2349 2233 2349 2201 2373 2115 2376 2056 2352 1759 2355 1721 2385 1665 2370 1603 2358 1541 2387 1415 2373 1356 2390 1259 2379 1232 2396 941 2399 882 2376 868 2376 809 2399 765 2376 641 2376 644 2443" /></Shape>
	    <String CONTENT="Tout au contraire la ville médiévale," HPOS="641.0" VPOS="2340.0" WIDTH="2001.0" HEIGHT="121.0" />
          </TextLine>
          <TextLine ID="eSc_line_f05b3fc0" TAGREFS="LT76" BASELINE="598 2533 2316 2497 2695 2497" HPOS="594.0" VPOS="2435.0" WIDTH="2098.0" HEIGHT="132.0">
            <Shape><Polygon POINTS="597 2532 597 2546 720 2567 756 2549 1191 2558 1221 2537 1318 2555 1565 2549 1647 2529 1727 2546 1844 2523 2268 2517 2392 2534 2571 2514 2686 2529 2692 2496 2686 2435 1942 2464 1768 2452 1747 2467 1700 2452 1488 2473 1218 2461 1188 2479 1074 2464 1038 2482 894 2467 888 2467 850 2485 744 2473 594 2490 597 2532" /></Shape>
	    <String CONTENT="au milieu du plat-pays qui l’environne, un être juridi¬" HPOS="594.0" VPOS="2435.0" WIDTH="2098.0" HEIGHT="132.0" />
          </TextLine>
          <TextLine ID="eSc_line_abb2bbb5" TAGREFS="LT76" BASELINE="602 2621 1173 2615 1879 2585 2689 2585" HPOS="597.0" VPOS="2526.0" WIDTH="2089.0" HEIGHT="126.0">
            <Shape><Polygon POINTS="600 2620 600 2652 838 2637 1065 2646 1141 2646 1174 2632 1315 2643 1382 2617 1633 2637 1724 2608 1862 2605 2421 2599 2559 2623 2627 2605 2683 2614 2686 2584 2683 2540 2542 2526 2303 2543 2224 2526 1980 2549 1956 2532 1786 2546 1671 2534 1630 2555 1450 2540 1421 2561 1306 2561 1212 2543 1191 2561 962 2552 903 2567 815 2549 770 2573 597 2573 600 2620" /></Shape>
	    <String CONTENT="dique distinct. Dès que l’on a franchi ses portes, on échappe" HPOS="597.0" VPOS="2526.0" WIDTH="2089.0" HEIGHT="126.0" />
          </TextLine>
          <TextLine ID="eSc_line_8f238c3c" TAGREFS="LT77" BASELINE="1755 2627 2493 2629" HPOS="1753.0" VPOS="2587.0" WIDTH="739.0" HEIGHT="65.0">
            <Shape><Polygon POINTS="2489 2587 2459 2587 2430 2587 2401 2587 2371 2587 2342 2587 2312 2587 2283 2587 2253 2587 2224 2587 2195 2587 2165 2587 2136 2587 2106 2587 2077 2587 2047 2587 2018 2587 1989 2587 1959 2587 1930 2587 1900 2587 1871 2587 1842 2587 1812 2587 1783 2590 1753 2590 1753 2626 1753 2652 2492 2643 2492 2626 2492 2587 2489 2587" /></Shape>
	    <String CONTENT="pour passer sous un droit" HPOS="1753.0" VPOS="2587.0" WIDTH="739.0" HEIGHT="65.0" />
          </TextLine>
          <TextLine ID="eSc_line_63389960" TAGREFS="LT76" BASELINE="594 2713 1206 2703 2038 2672 2663 2666" HPOS="588.0" VPOS="2608.0" WIDTH="2074.0" HEIGHT="126.0">
            <Shape><Polygon POINTS="2471 2629 1624 2629 1600 2646 1574 2637 1544 2632 1312 2652 1288 2637 1274 2637 1244 2655 697 2652 667 2670 588 2655 591 2734 2662 2687 2657 2623 2486 2608 2471 2629" /></Shape>
	    <String CONTENT="à la coutume territoriale &lt;..................&gt;" HPOS="588.0" VPOS="2608.0" WIDTH="2074.0" HEIGHT="126.0" />
          </TextLine>
          <TextLine ID="eSc_line_2febd65c" TAGREFS="LT77" BASELINE="767 2749 1118 2744" HPOS="762.0" VPOS="2708.0" WIDTH="353.0" HEIGHT="62.0">
            <Shape><Polygon POINTS="791 2711 762 2711 765 2746 765 2767 1109 2770 1115 2743 1106 2708 794 2708 791 2711" /></Shape>
	    <String CONTENT="d'exception" HPOS="762.0" VPOS="2708.0" WIDTH="353.0" HEIGHT="62.0" />
          </TextLine>
          <TextLine ID="eSc_line_0fe23e2e" TAGREFS="LT77" BASELINE="1989 2724 2199 2723" HPOS="1983.0" VPOS="2676.0" WIDTH="215.0" HEIGHT="79.0">
            <Shape><Polygon POINTS="1986 2723 1986 2755 2195 2749 2198 2720 2189 2676 1983 2682 1986 2723" /></Shape>
	    <String CONTENT="rural" HPOS="1983.0" VPOS="2676.0" WIDTH="215.0" HEIGHT="79.0" />
          </TextLine>
          <TextLine ID="eSc_line_9433d8bb" TAGREFS="LT76" BASELINE="586 2795 1420 2774 2687 2764" HPOS="582.0" VPOS="2696.0" WIDTH="2104.0" HEIGHT="133.0">
            <Shape><Polygon POINTS="1112 2746 788 2746 785 2743 773 2746 744 2726 735 2726 582 2746 585 2811 629 2829 638 2829 688 2811 773 2826 982 2823 1012 2808 1218 2823 1294 2802 1306 2796 1638 2793 1706 2811 1715 2811 1768 2793 2059 2811 2168 2796 2236 2808 2283 2787 2468 2799 2504 2782 2683 2782 2686 2761 2674 2696 2615 2720 2465 2702 2445 2726 1971 2729 1827 2708 1533 2714 1380 2737 1250 2717 1159 2743 1112 2743 1112 2746" /></Shape>
	    <String CONTENT="&lt;.......................&gt;. Entre le &lt;...............&gt;" HPOS="582.0" VPOS="2696.0" WIDTH="2104.0" HEIGHT="133.0" />
          </TextLine>
          <TextLine ID="eSc_line_a4802705" TAGREFS="LT76" BASELINE="598 2897 684 2887 1404 2868 2281 2852 2677 2854" HPOS="594.0" VPOS="2787.0" WIDTH="2080.0" HEIGHT="136.0">
            <Shape><Polygon POINTS="597 2896 597 2923 706 2905 726 2920 882 2917 991 2893 1044 2908 1056 2908 1082 2890 1259 2908 1377 2884 1412 2899 1541 2884 1697 2899 1727 2884 2086 2887 2327 2867 2518 2879 2539 2864 2565 2884 2574 2884 2674 2864 2674 2852 2668 2799 2533 2805 2462 2787 2377 2808 2321 2790 2221 2811 2165 2793 2153 2793 2130 2811 2050 2796 2003 2817 1636 2823 1503 2805 1368 2808 1368 2811 1347 2829 1109 2820 850 2837 644 2823 594 2840 597 2896" /></Shape>
	    <String CONTENT="bourgeois, il n’existe ni communauté d’intérêts, ni" HPOS="594.0" VPOS="2787.0" WIDTH="2080.0" HEIGHT="136.0" WC="0.9815404105186463" />
          </TextLine>
          <TextLine ID="eSc_line_9d814ad6" TAGREFS="LT76" BASELINE="596 2978 2214 2936 2691 2938" HPOS="591.0" VPOS="2879.0" WIDTH="2098.0" HEIGHT="123.0">
            <Shape><Polygon POINTS="594 2976 594 3002 2689 2955 2689 2937 2683 2887 2292 2893 2274 2893 2133 2879 2130 2879 2127 2879 2095 2896 2089 2899 2071 2896 2000 2882 1997 2882 1995 2882 1992 2882 1992 2884 1977 2896 1765 2887 1762 2887 1759 2887 1756 2887 1739 2902 1730 2908 1694 2902 1615 2890 1612 2890 1415 2896 1412 2896 1371 2908 1335 2917 1300 2908 1250 2899 1247 2899 1171 2911 1097 2923 591 2923 594 2976" /></Shape>
	    <String CONTENT="communauté civile. Chacun vit dans des régions pro¬" HPOS="591.0" VPOS="2879.0" WIDTH="2098.0" HEIGHT="123.0" />
          </TextLine>
          <TextLine ID="eSc_line_4ad8a0d7" TAGREFS="LT76" BASELINE="594 3056 1779 3032 2306 3011 2693 3013" HPOS="588.0" VPOS="2949.0" WIDTH="2104.0" HEIGHT="141.0">
            <Shape><Polygon POINTS="591 3055 591 3090 850 3087 897 3070 1138 3081 1244 3061 1344 3076 1362 3076 1394 3055 1541 3052 1650 3070 1680 3070 1833 3046 1912 3064 1933 3064 2106 3034 2571 3029 2686 3046 2692 3011 2689 2967 2559 2949 2507 2967 2471 2952 2465 2952 2292 2973 2242 2955 2230 2955 2203 2976 2098 2958 2033 2979 1968 2961 1959 2961 1903 2982 1833 2964 1824 2964 1783 2984 1689 2967 1571 2970 1527 2990 1465 2976 1409 2996 1215 2996 1197 2982 1044 2999 1003 2982 997 2982 862 3005 853 3005 815 2993 588 3008 591 3055" /></Shape>
	    <String CONTENT="pre, possède ses magistrats &lt;.........&gt;, s’administre ou" HPOS="588.0" VPOS="2949.0" WIDTH="2104.0" HEIGHT="141.0" />
          </TextLine>
          <TextLine ID="eSc_line_8e79b4a0" TAGREFS="LT76" BASELINE="574 3148 1439 3115 2661 3103" HPOS="570.0" VPOS="3037.0" WIDTH="2090.0" HEIGHT="136.0">
            <Shape><Polygon POINTS="573 3146 573 3173 1009 3164 1044 3146 1162 3158 1574 3137 1733 3152 1868 3131 1968 3149 2109 3131 2230 3143 2286 3126 2657 3126 2660 3102 2651 3037 2406 3061 2298 3061 2259 3040 2253 3040 2127 3043 2086 3064 1953 3046 1927 3067 1783 3049 1741 3067 1653 3052 1627 3073 1583 3055 1571 3055 1544 3073 1380 3058 1229 3079 1194 3070 1168 3067 1056 3081 1044 3076 1035 3067 1021 3067 1000 3084 829 3070 791 3087 644 3073 570 3084 573 3146" /></Shape>
	    <String CONTENT="est administré suivant des principes différents. Le" HPOS="570.0" VPOS="3037.0" WIDTH="2090.0" HEIGHT="136.0" WC="0.9777701095892832" />
          </TextLine>
          <TextLine ID="eSc_line_d154e841" TAGREFS="LT76" BASELINE="586 3229 1530 3199 2669 3183" HPOS="582.0" VPOS="3131.0" WIDTH="2086.0" HEIGHT="124.0">
            <Shape><Polygon POINTS="585 3226 585 3255 1450 3220 1730 3231 1777 3214 1871 3229 1892 3211 1965 3226 2065 3208 2568 3214 2668 3193 2668 3181 2660 3134 2286 3146 2174 3131 2000 3152 1886 3137 1736 3158 1694 3158 1512 3146 885 3176 741 3161 720 3179 629 3164 582 3179 585 3226" /></Shape>
	    <String CONTENT="droit commun qui a continué de régir la campagne" HPOS="582.0" VPOS="3131.0" WIDTH="2086.0" HEIGHT="124.0" WC="0.9906634303430716" />
          </TextLine>
          <TextLine ID="eSc_line_11d7ad86" TAGREFS="LT76" BASELINE="580 3299 1932 3266 2685 3264" HPOS="576.0" VPOS="3199.0" WIDTH="2107.0" HEIGHT="130.0">
            <Shape><Polygon POINTS="579 3296 579 3329 709 3314 732 3329 1118 3323 1259 3305 1294 3320 1303 3320 1344 3299 1524 3311 1653 3293 1880 3308 1965 3287 2074 3305 2092 3305 2133 3281 2265 3281 2677 3293 2683 3261 2674 3202 2448 3214 2427 3205 2401 3199 2292 3217 2256 3199 2245 3199 2215 3223 2103 3226 1986 3226 1965 3205 1727 3208 1700 3226 1571 3211 1521 3231 1488 3229 1388 3214 1388 3217 1365 3234 1188 3217 1032 3243 935 3243 906 3223 891 3223 891 3226 873 3240 868 3249 576 3249 579 3296" /></Shape>
	    <String CONTENT="ne s’applique plus à la ville. Elle forme, au milieu de la" HPOS="576.0" VPOS="3199.0" WIDTH="2107.0" HEIGHT="130.0" />
          </TextLine>
          <TextLine ID="eSc_line_a582ffd6" TAGREFS="LT76" BASELINE="608 3368 1594 3358 1996 3344 2663 3344" HPOS="603.0" VPOS="3284.0" WIDTH="2059.0" HEIGHT="112.0">
            <Shape><Polygon POINTS="606 3367 606 3396 1221 3373 1253 3387 1662 3384 1744 3367 2233 3376 2383 3361 2412 3361 2474 3376 2660 3355 2662 3343 2654 3284 2589 3305 2533 3287 2524 3287 2471 3308 2386 3308 2362 3287 2339 3290 2303 3302 2071 3290 1847 3311 1753 3293 1733 3317 1465 3317 1421 3299 1412 3299 1374 3320 1259 3320 1165 3299 1088 3320 985 3302 947 3320 947 3323 765 3323 744 3305 653 3305 603 3323 606 3367" /></Shape>
	    <String CONTENT="plaine que l'on embrasse du regard en haut de son" HPOS="603.0" VPOS="3284.0" WIDTH="2059.0" HEIGHT="112.0" />
          </TextLine>
          <TextLine ID="eSc_line_90e1403a" TAGREFS="LT76" BASELINE="588 3452 2049 3419 2530 3423 2667 3432" HPOS="582.0" VPOS="3358.0" WIDTH="2083.0" HEIGHT="129.0">
            <Shape><Polygon POINTS="585 3449 585 3473 703 3487 776 3467 873 3484 1068 3461 1218 3479 1691 3449 1744 3464 1853 3446 2660 3449 2665 3431 2660 3370 2292 3376 2127 3361 2056 3379 2024 3358 2009 3358 1977 3381 1950 3379 1847 3361 1756 3384 1691 3364 1518 3390 1421 3370 1359 3393 1235 3373 1088 3376 1021 3399 915 3379 906 3379 873 3399 785 3381 582 3393 585 3449" /></Shape>
	    <String CONTENT="beffroi, un ilôt juridique, une véritable «immunité»." HPOS="582.0" VPOS="3358.0" WIDTH="2083.0" HEIGHT="129.0" />
          </TextLine>
        </TextBlock>
      </PrintSpace>
    </Page>
  </Layout>
</alto>