2713 3552
2603.0 0.0 68.0 56.0 25

2481.0 41.0 212.0 53.0 sécu¬

565.0 62.0 2109.0 130.0 forcés, <....> pour entreprendre avec <...>

556.0 148.0 2100.0 130.0 rité leurs lointaines pérégrinations, de constituer de

559.0 251.0 2121.0 121.0 véritables caravanes. <..... ...... ......... .......>

544.0 343.0 2142.0 133.0 <.... ... .......> Avant le départ, dans chaque ville

556.0 452.0 2115.0 116.0 ils s'assemblent sous le commandement d'un chef

574.0 541.0 2127.0 148.0 (Hansgraf, comes mercatorum, cuens des marchands)

556.0 645.0 2112.0 142.0 à leur tête marche un porte-bannière (schildrake)

553.0 745.0 2130.0 137.0 derrière lequel s'allonge la file des chariots et des bêtes

547.0 846.0 2121.0 130.0 de somme; <.. ..... .... .....> aux caisses et

1042.0 947.0 539.0 74.0 sont attachés

544.0 950.0 2142.0 136.0 aux ballots <..... .........> les pieux et les toiles des

542.0 1041.0 2132.0 145.0 tentes que l'on dressera au campement du soir et

547.0 1154.0 2145.0 142.0 les armes, arcs, flèches, épées, <....> dont les compagnons

542.0 1240.0 2150.0 154.0 se serviront à la première alerte (1). Naturellement, une

539.0 1352.0 2147.0 145.0 telle organisation suppose une discipline rigoureuse

556.0 1435.0 2124.0 163.0 et quasi militaire. Comme les modernes caravanes

550.0 1527.0 2145.0 163.0 de l'Orient, ces caravanes médiévales obéissent à un ré¬

556.0 1613.0 2139.0 180.0 glement qui détermine non seulement leur ordre de

547.0 1699.0 2145.0 186.0 marche, mais le rôle et les droits de chacun aux marchés¬

544.0 1802.0 2136.0 163.0 et aux foires où l'on s'arrête. Naturellement aussi

542.0 1888.0 2147.0 175.0 rentrés au portus où l'on passera l'hiver, l'association

773.0 2030.0 225.0 71.0 dissout

539.0 2003.0 2159.0 166.0 ne se <......> pas. Les périls courus en commun, l'obéissance

556.0 2069.0 2106.0 201.0 partagée sous le même chef, la solidarité des intérêts

547.0 2157.0 2136.0 187.0 et des sentiments qui est née entre ées membres <..> main¬

544.0 2249.0 2136.0 181.0 tiennent entre eux un puissant esprit de corps. <.....>

547.0 2356.0 2127.0 165.0 <........ ..... ....... ..................> Revenue au

544.0 2442.0 2109.0 198.0 logis, la caravane, par la force des choses, se constitue

553.0 2548.0 2139.0 187.0 en gilde, la "frairie" en caritas. ᗞès le XI^e siècle, nous voyons

544.0 2655.0 2151.0 171.0 la gilde de Saint-Omer complètement constituée, et

539.0 2752.0 2150.0 163.0 les fameux statuts de la Halle aux draps de Valencien¬

533.0 2829.0 2153.0 196.0 nes nous permettent d’affirmer que la carité de cette

571.0 2989.0 2059.0 178.0 (1). J’emprunte ces traits aux statuts de la Halle aux

559.0 3075.0 2094.0 178.0 draps de Valenciennes. (Carriaux, Mémoires de la Soc.

544.0 3158.0 2133.0 198.0 des antiquaires de France, t. XXXVIII (1877), et aux règle¬

544.0 3256.0 2151.0 159.0 ments de la Hanse de Londres. Voy. H. Pirenne, La hanse

544.0 3338.0 2130.0 148.0 flamande de Londres. Bullet. de l’Académie de Belgique.
