2713 3482
2521.0 0.0 90.0 98.0 111

551.0 34.0 2013.0 119.0 première se recrute continuellement dans la

548.0 121.0 2101.0 125.0 seconde et celle-ci, à son tour, s’ouvre toute grande

560.0 220.0 2092.0 116.0 devant les fils des otiosi qui veulent se livrer au com¬

554.0 316.0 2100.0 116.0 merce. Une foule d’individus sont à la fois « mar¬

563.0 417.0 2074.0 105.0 chans et bourgeois héritables ». En somme, si les pa¬

560.0 525.0 2080.0 98.0 triciens s’adonnent individuellement à des oc¬

572.0 626.0 2088.0 99.0 cupations diverses, ils n’en forment pas moins, dans

575.0 722.0 2082.0 107.0 s’ensemble, une classe nettement reconnaissable.

563.0 818.0 2115.0 127.0 On les considère comme la bourgeoisie par excellence;

566.0 937.0 2091.0 116.0 les chroniqueurs les appellent indifféremment ma¬

575.0 1053.0 1179.0 116.0 jores, ditiores, boni homines.

609.0 1146.0 2054.0 116.0 Entre cette aristocratie ploutocratique et le reste de la

1626.0 1218.0 314.0 64.0 contraste

592.0 1247.0 1879.0 128.0 population urbaine, le <.........> est éclatant

607.0 1357.0 2030.0 96.0 Par leurs mœurs, par leur costume, par tout leur

595.0 1453.0 2010.0 113.0 genre de vie, les patriciens s’isolent du « commun »,

580.0 1540.0 2048.0 119.0 c’est-à-dire des gens de métier. Le temps est passé sans

569.0 1645.0 2083.0 96.0 retour, dès le commencement du XIIIe siècle, où, sous

583.0 1738.0 2089.0 104.0 le nom générique de mercatores se confondaient,

592.0 1836.0 2077.0 93.0 dans les premières agglomérations urbaines, tous

583.0 1920.0 2071.0 105.0 ceux qui se livraient au commerce. La différence des

2332.0 1993.0 221.0 61.0 écartés

589.0 2013.0 2054.0 99.0 fortunes et la différence des professions les ont <......> les

580.0 2100.0 2083.0 108.0 uns des autres au point de rendre tout contact im¬

580.0 2184.0 2089.0 117.0 possible. La société bourgeoise s’est hiérarchisée sur

578.0 2283.0 2047.0 110.0 le modèle de la société nobiliaire. <..................>

578.0 2388.0 2097.0 107.0 <.................> Les patriciens affichent <..........>

583.0 2475.0 2080.0 104.0 <......> à toute occasion, leur situation privilé¬

598.0 2573.0 2059.0 108.0 giée. Ils se font donner le titre de sire, de damoiseau,

583.0 2681.0 2063.0 101.0 de here. Beaucoup d’entre eux s’enorgueillissent

589.0 2773.0 2002.0 105.0 d’avoir pour gendre quelque chevalier, dont la

595.0 2866.0 2033.0 93.0 dot de leur fille a servi à redorer le blason. Leurs

589.0 2953.0 2036.0 119.0 maisons de pierre(1) couronnées de créneaux élè¬

601.0 3061.0 2051.0 107.0 vent leurs tourelles et leurs larges pans d’ardoises par

607.0 3151.0 1981.0 87.0 dessus les humbles toits de chaume des habitations

607.0 3264.0 2030.0 142.0 (1) Ce sont les steenen flamands dont quelques spécimens

586.0 3371.0 677.0 84.0 existent encore.
