2713 3468
2524.0 2.0 128.0 107.0 201

523.0 75.0 2140.0 118.0 entre les towns à privilèges, comme Worcester ou Eves¬

511.0 187.0 2158.0 113.0 ham, et les bourgs manufacturiers qui font alors pour

497.0 274.0 2189.0 136.0 la première fois connaître à l’histoire les noms de Man¬

514.0 384.0 1704.0 124.0 chester, de Sheffield ou de Birmingham. ¬

566.0 491.0 2045.0 104.0 C’est naturellement pour le marché d’Anvers que travaille

497.0 578.0 2135.0 112.0 cette nouvelle draperie; c’est de là qu’elle reçoit les ordres qui

520.0 679.0 2120.0 109.0 font confectionner pour un seul marchand, des centaines,

500.0 777.0 2114.0 95.0 des milliers de pièces. Il en va de même, d’ailleurs de quantité

509.0 867.0 2146.0 83.0 d’autres industries écloses comme elle sous l'influence du capita¬

500.0 947.0 2137.0 99.0 lisme et à la liberté économique. La métallurgie et l’exploita¬

509.0 1025.0 2108.0 113.0 tion du charbon dans le pays de Liège le Namurois et le Hainaut

491.0 1121.0 2169.0 98.0 se développent aussi en dehors des métiers urbains, sous le ré¬

500.0 1216.0 2140.0 93.0 gime du droit commun et de l’entreprise individuelle et là aussi,

503.0 1306.0 2160.0 95.0 le prolétariat industriel apparait tout d’abord dans les cam¬

509.0 1401.0 277.0 101.0 pagnes. ¬

520.0 1476.0 2181.0 101.0 Mais il ne devait pas tarder à gagner les villes. <.............>

503.0 1575.0 2183.0 92.0 <........> Si les métiers veillaient jalousement, en effet, sur les

503.0 1661.0 2175.0 75.0 anciennes industries et les condamnaient par cela même à végéter, ils

491.0 1751.0 2190.0 84.0 ne pouvaient empêcher <...........> l’introduction de fabri¬

503.0 1838.0 2183.0 86.0 cations inconnues au Moyen Âge ni les soumettre à leurs règlements.

494.0 1907.0 2172.0 110.0 <............ > Le capitalisme ne manqua pas de profiter de la si¬

509.0 1999.0 2183.0 90.0 tuation. Pendant la première moitié du XVIe siècle, le tissage

503.0 2086.0 2160.0 107.0 du satin, des bayes, de la moquette, des rubans, le soufflage

494.0 2187.0 2152.0 104.0 du verre, font leur apparition dans une quantité de centres

503.0 2268.0 2186.0 113.0 urbains et, à côté des <....> corporations privilégiées, y acclimatent

485.0 2352.0 2158.0 118.0 l’organisation nouvelle. Celle-ci parvient même, dans certaines

491.0 2450.0 2181.0 101.0 localités, à s'imposer aux métiers qui, tout en souhaitant encore

491.0 2534.0 2149.0 95.0 de nous, tournent en réalité en désuétude. A Valenciennes, par

488.0 2627.0 2181.0 104.0 exemple, la sayetterie reçoit l’impulsion de riches entrepreneurs,

494.0 2733.0 2175.0 78.0 et la plupart des ouvriers qu’elle occupe viennent des campagnes

491.0 2820.0 2207.0 93.0 environnantes, où ils retournent le samedi soir pour passer

488.0 2901.0 2190.0 104.0 le dimanche dans leur famille et y porter leur pauvre salaire,

485.0 2982.0 2178.0 110.0 après avoir travaillé en ville pendant toute la semaine. La ta¬

477.0 3074.0 2209.0 110.0 pisserie <....................> et l’industrie linière nous <....>

480.0 3170.0 2189.0 95.0 <....................> montrent elles aussi le recul du

477.0 3257.0 2183.0 106.0 métier devant la force envahissante du capitalisme. Malgré
