2713 3507
2546.0 23.0 99.0 82.0 33

575.0 55.0 2085.0 94.0 du temps de Savonarole. La nécessité de maintenir

573.0 149.0 2078.0 105.0 par la force le régime nouveau qu’on s’était donné

567.0 236.0 2084.0 94.0 amena tous les habitants, grands ou petits, à s’unir

555.0 324.0 2119.0 93.0 étroitement. <.. ......> Il ne pouvait être question

701.0 388.0 79.0 70.0 s'

1350.0 388.0 360.0 62.0 la direction d'

561.0 406.0 2093.0 90.0 ici de abandonner à une gilde <....................>

534.0 493.0 2143.0 106.0 <......>. Une mesure de salut public, en face du re¬

537.0 593.0 2137.0 111.0 tour offensif certain de l’évêque s’imposait inévita¬

570.0 686.0 2102.0 108.0 blement : ce fut la "commune" jurée par tous et obliga¬

573.0 800.0 2104.0 82.0 toire pour tous. Il semble bien, en effet, que la commu¬

549.0 873.0 2108.0 108.0 ne de Cambrai ait été essentiellement militaire. Son

552.0 979.0 2117.0 96.0 organisation est faite pour la lutte, et il est hautement

549.0 1090.0 2128.0 99.0 caractéristique que ce soit dans une ville épiscopale <..>

561.0 1183.0 2116.0 120.0 qu’ait été créé pour la première fois <.....> cet ins¬

552.0 1288.0 2128.0 106.0 trument d’affranchissement économique que tant

549.0 1379.0 2137.0 111.0 de cités du Nord de <.........> la France et de l’Allemagne

555.0 1478.0 1634.0 114.0 rhénane allaient s’approprier à leur tour.

2470.0 1525.0 61.0 79.0 de

608.0 1563.0 2066.0 117.0 Nous sommes beaucoup moins bien informés <....> l'his¬

1949.0 1639.0 94.0 56.0 de

543.0 1659.0 2117.0 117.0 toire de la bourgeoisie de Liège que <...> celle de Cambrai.

552.0 1756.0 2134.0 105.0 ᗞes textes du commencement du XII^e siècle nous permettent

543.0 1832.0 2131.0 126.0 d’entrevoir qu’elle avait usurpé sur la juridiction des cha¬

537.0 1920.0 2105.0 122.0 noines de la cathédrale, puisque l’empereur Henri IV <..>

543.0 1996.0 2114.0 125.0 fut sollicité de confirmer les privilèges de ceux-ci (1107). Pour

526.0 2083.0 2093.0 126.0 Utrecht, nous savons moins de choses encore. On peut être

552.0 2174.0 2122.0 131.0 certain pourtant que la population urbaine ne manqua

540.0 2259.0 2140.0 143.0 pas de profiter de la lutte qui éclata en 1122 entre son  évêque

549.0 2352.0 2134.0 135.0 Godebold et l’empereur Henri V. <.... ....... .. .....>

546.0 2457.0 2140.0 111.0 <........> Il est impossible de dire si c’est grâce à cet évé¬

537.0 2527.0 2146.0 129.0 nement qu’elle avait obtenu de l’évêque un "privilège" que

537.0 2609.0 2123.0 129.0 Henri ratifia lorsqu'il le prit sous sa protection. En tout cas,

1219.0 2706.0 216.0 67.0 intéressant

564.0 2712.0 2122.0 122.0 il est hautement de constater que comme en Flandre et comme

543.0 2785.0 2102.0 128.0 à Cambrai, ce sont aussi les marchands qui, à Utrecht,

537.0 2881.0 2140.0 129.0 jouent le premier rôle <.....................>

529.0 2975.0 2163.0 119.0 <.....> On ne peut en douter en voyant l’empereur, pour s’assurer

526.0 3173.0 2169.0 117.0 laïques et les villes. L’empereur ne s’appuyait plus que sur les

517.0 3223.0 2172.0 126.0 partisans d’un ordre social en train de disparaître. Il y a là  tout

520.0 3293.0 2108.0 117.0 un ensemble de phénomènes dont on tient en général trop

520.0 3357.0 1646.0 126.0 peu de compte dans l’étude de ce grand conflit.
