2713 3525
2424.0 5.0 118.0 71.0 82

540.0 32.0 2046.0 120.0 ces relations d’échange se faisaient en grande

540.0 114.0 2087.0 129.0 partie sans l’intermédiaire de l'argent : tout au

546.0 196.0 2114.0 144.0 plus celui-ci intervenait-il pour compenser la

546.0 287.0 1564.0 147.0 différence des valeurs échangées » (1)

558.0 387.0 2022.0 135.0 Nous nous trouvons donc en présence d'un

555.0 487.0 2052.0 132.0 système économique très simple, et par là même

567.0 575.0 2046.0 118.0 facile à dominer et à réglementer dans toutes ses

555.0 658.0 2052.0 138.0 parties. Aussi, la législation policière que nous avons

561.0 772.0 2099.0 91.0 déjà rencontrée en matière d’alimentation urbaine

543.0 848.0 2073.0 103.0 se retrouve-t-elle en matière d’industrie locale, im¬

540.0 940.0 2087.0 117.0 muable dans ses principes, quoique assez différente

564.0 1031.0 2049.0 108.0 dans ses applications. Le socialisme municipal a

1798.0 1083.0 144.0 80.0 petits

570.0 1110.0 2069.0 114.0 trouvé dans l’organisation des métiers sa forme la

564.0 1195.0 2037.0 132.0 plus complète et l’œuvre qu’il a réalisée peut-être,

558.0 1283.0 2087.0 118.0 dans ce domaine économique considérée comme un

558.0 1383.0 2084.0 121.0 chef d’œuvre du Moyen Âge. Elle est aussi conséquente

552.0 1477.0 2084.0 115.0 dans ses principes, aussi cohérente dans ses parties, aussi

558.0 1556.0 2063.0 121.0 riche dans ses détails que les plus beaux monuments de

558.0 1659.0 2090.0 103.0 l'architecture gothique ou que les grandes « Sommes » des

561.0 1762.0 1058.0 103.0 philosophes scolastiques.

605.0 1838.0 2040.0 130.0 Le « bien commun « de la bourgeoisie est ici comme

546.0 1947.0 2099.0 100.0 en matière d’alimentation urbaine, le but suprême à

549.0 2038.0 2102.0 109.0 atteindre. Procurer à la population des produits de qua¬

540.0 2135.0 2125.0 91.0 lité irréprochable et au meilleur marché possible, tel

540.0 2226.0 2137.0 106.0 est l’objectif essentiel. Mais, les producteurs étant eux¬

534.0 2323.0 2117.0 106.0 mêmes des membres de la bourgeoisie, il faut de plus

537.0 2429.0 2114.0 88.0 adopter des mesures qui leur permettent de vivre de leur

537.0 2511.0 2128.0 100.0 travail de façon convenable. Ainsi le consommateur

523.0 2614.0 2163.0 97.0 ne peut être pris seul en considération, il <....> importe aussi

540.0 2690.0 2123.0 106.0 de s’occuper de l’artisan. Une double réglementation se

534.0 2784.0 2152.0 109.0 développe. D’une part, on <.........................> surveille

532.0 2872.0 2131.0 100.0 <...........> la fabrication et <..> la vente, de l’autre, on

537.0 2972.0 2126.0 106.0 institue, ce que l’on pourrait appeler, en employant une

540.0 3060.0 2131.0 112.0 expression moderne, une législation et une organisation

537.0 3151.0 468.0 97.0 du travail.

558.0 3263.0 2128.0 141.0 (1) J'emprunte ces lignes à M. Bücher, op. cit., trad.

540.0 3384.0 629.0 126.0 Hansay, p. 84.
