2713 3545
2491.0 23.0 171.0 112.0 189

517.0 94.0 2142.0 112.0 foires d’Anvers qui ruinent les vieux monopoles commer¬

534.0 183.0 2113.0 109.0 ciaux. En Flandre, <...........> pour satisfaire les Yprois

531.0 277.0 2111.0 95.0 il restreint <.......................> dans les environs

526.0 372.0 2119.0 115.0 de leur ville, l’exercice de la draperie rurale qu'ailleurs

537.0 478.0 2054.0 106.0 il autorise et protège. On sent, à ses fluctuations, que,

526.0 590.0 2080.0 74.0 <.....> sollicité tout à la fois par les tendances du passé et

523.0 661.0 2148.0 110.0 celles de l’avenir, il ne peut parvenir à prendre nettement

534.0 759.0 2125.0 112.0 position. Entre <...> le nouveau capitalisme « qui toujours

529.0 859.0 2142.0 112.0 cherche liberté » et le vieux protectionnisme municipal,

534.0 951.0 2125.0 115.0 il cherche une conciliation impossible. Le seul but <......>

558.0 1075.0 2092.0 94.0 <.............................> qu’il s’assigne dé¬

540.0 1175.0 2075.0 92.0 cidément, c’est la subordination des villes au pouvoir

540.0 1261.0 1596.0 130.0 supérieur du prince, c’est à dire de l'Etat. ¬

608.0 1367.0 2075.0 151.0 Ses institutions centralisatrices fournissent d’ailleurs

543.0 1485.0 2045.0 122.0 à bon nombre de villes des ressources nouvelles et

543.0 1571.0 2110.0 145.0 contribuent à les réconcilier avec le régime qui s’imp¬

555.0 1672.0 2090.0 121.0 ose à elles. L’établissement d’une Université à Louvain

564.0 1772.0 2092.0 139.0 en , <....> celui de conseils de justice à Gand, à Bruxelles

614.0 1825.0 316.0 109.0 Malines

546.0 1884.0 2093.0 124.0 à <.......> et de chambres des comptes à Lille, Bruxelles et

540.0 1967.0 2107.0 157.0 La Haye <...........................................>

546.0 2076.0 2137.0 160.0 <...................................> en fixant à demeure dans

555.0 2171.0 2125.0 150.0 toutes ces localités un nombreux personnel de fonction¬

549.0 2265.0 2128.0 169.0 naires, d’avocats, d’employés subalternes de toute espè¬

555.0 2372.0 2131.0 162.0 ce et en y faisant affluer <..............................>

549.0 2469.0 2119.0 154.0 les étudiants, les plaideurs ou les gens de finance sont pour

552.0 2573.0 2137.0 135.0 la population locale une source permanente d’abondants

561.0 2670.0 2143.0 154.0 profits. L'administration civile en création à son usage de

546.0 2779.0 2134.0 163.0 <...> grands corps sédentaires tels que l’administration ec¬

558.0 2880.0 2098.0 159.0 clésiastique en avait seule possédé jusqu’alors contribua

561.0 2980.0 2107.0 151.0 à son tour à l’entretien de la vie urbaine. Mais tout

555.0 3087.0 2104.0 159.0 en l’entretenant elle la transforme. La résidence, au

555.0 3190.0 2125.0 160.0 sein de la bourgeoisie, d’un groupe nombreux de fonction¬

567.0 3290.0 2101.0 157.0 naires de l’État en journalier avec elle, y atté¬
