2713 3552
2610 126 93 0 9

621.0 32.0 880.0 163.0 De très bonne heure

601.0 127.0 343.0 74.0 <........>

1513.0 100.0 1161.0 113.0 on construit à  leur usage,

586.0 207.0 2100.0 112.0 dans celui de Bruges, une maison scabinale. C'est

583.0 310.0 2094.0 107.0 encore au château que <......> accumulent les produits

580.0 408.0 2088.0 107.0 des domaines possédés par le prince dans la région

586.0 494.0 2079.0 121.0 que les paysans acquittent les taxes en nature destinées

778.0 589.0 400.0 65.0 subsistance

2399.0 556.0 186.0 62.0 aussi

583.0 583.0 2085.0 133.0 à la <......> de la garnison. Ils y viennent <....> à

574.0 671.0 2070.0 154.0 époques fixes pour assister aux "plaids généraux" et ,

562.0 775.0 2124.0 136.0 en cas de besoin, pour réparer les murailles curer les

2319.0 846.0 83.0 42.0 ou

565.0 879.0 2085.0 133.0 fossés, <.....> corvées obligatoires imposées par

562.0 959.0 2136.0 156.0 l'autorité publique pour l'entretien d'un bâtiment

1566.0 1062.0 160.0 65.0 de plus

562.0 1074.0 2112.0 139.0 public. Le château est <....> le lieu de perception d'un

553.0 1175.0 2133.0 136.0 tonlieu levé sur les chariots qui le traversent ou sur

556.0 1278.0 2103.0 130.0 les bateaux passant par la rivière qui baigne ses

559.0 1361.0 2088.0 154.0 remparts. Enfin, on y établit un marché hebdo¬

550.0 1471.0 2136.0 136.0 madaire moyen de ravitaillement indispensable

556.0 1601.0 696.0 121.0 à sa population.

1984.0 1666.0 160.0 71.0 n'est

580.0 1699.0 2082.0 127.0 Cette population, faut-il le dire, <.... ....> pas encore

580.0 1787.0 572.0 65.0 une population de

1472.0 1773.0 233.0 65.0 bourgeois

553.0 1787.0 2109.0 142.0 <.. .... caractère ....> dans le sens du moins

693.0 1897.0 405.0 74.0 l'on entendra

1658.0 1855.0 604.0 83.0 dans les siècles suivants

556.0 1897.0 2130.0 115.0 où <.... .........> ce mot <...... .. ......>. Bien loin

565.0 1989.0 2115.0 130.0 de s'adonner à l'exercice du commerce ou de l'industrie

544.0 2080.0 2148.0 142.0 elle ne produit rien <... ......> et, au point de vue

547.0 2184.0 2121.0 139.0 économique, son rôle est celui d'un simple consom¬

533.0 2273.0 2120.0 154.0 mateur. <... .... .... .........> Elle se com¬

550.0 2379.0 2130.0 151.0 pose de quelques douzaines d'individus fonctionnaires,

556.0 2477.0 2133.0 130.0 soldats, serviteurs de toute sorte. Son activité a moins

530.0 2560.0 2156.0 145.0 pour objet  le château lui-même que la châtellenie

547.0 2664.0 2133.0 130.0 qui l'entoure. A vrai dire, le château n'a même

544.0 2752.0 2127.0 154.0 de raison d'être que par rapport à celle-ci, dont il

536.0 2853.0 2126.0 139.0 est le centre militaire et administratif. Il cons¬

530.0 2939.0 2100.0 151.0 titue une sorte de local ouvert aux gens du dehors

542.0 3039.0 2120.0 154.0 qui lui donnent une animation permanente mais

536.0 3131.0 2117.0 160.0 qui ne l'habitent pas. Les paysans qui y amènent les

533.0 3247.0 2147.0 133.0 récoltes des domaines princiers, les receveurs et les maires

530.0 3327.0 2123.0 148.0 qui viennent y rendre leurs comptes aux "notaires" du prince, les
