2713 3514
2434.0 11.0 155.0 120.0 158

521.0 61.0 2074.0 120.0 pouvait être autrement. Ce sont, en effet, des groupes

515.0 178.0 2110.0 103.0 d’hommes, ce ne sont point des hommes isolés, qui ont été les

515.0 278.0 2107.0 105.0 promoteurs du nouvel état de choses. La chute du régime

931.0 345.0 126.0 73.0 fut

521.0 380.0 2112.0 103.0 patricien <....> l’œuvre des métiers et il est sans doute

509.0 483.0 2098.0 93.0 inutile de rappeler que le métier, avec la forte disci¬

509.0 591.0 2119.0 105.0 pline qu’il impose à ses membres, avec l’esprit corporatif

521.0 676.0 2107.0 132.0 qui l’anime, avec la solidarité d’intérêts sur laquelle

515.0 787.0 2080.0 126.0 il repose, restreint, à un point qui n’a jamais plus été

512.0 901.0 2124.0 97.0 atteint depuis lors, le rôle de la personnalité. Nous avons

512.0 998.0 2092.0 111.0 eu l’occasion de constater plus haut(1) que l’histoire des

518.0 1098.0 2118.0 126.0 origines municipales ne nous présente point de législa¬

1429.0 1171.0 302.0 85.0 pour celle

509.0 1194.0 2148.0 120.0 teurs. Il en est de même <.........> de la révolution démo¬

521.0 1303.0 2104.0 111.0 cratique. <.....................................>

512.0 1411.0 2124.0 117.0 <.......................................> Non seule¬

503.0 1508.0 2116.0 120.0 ment les sources <........> ne nous fournissent le nom

509.0 1604.0 2142.0 129.0 d’aucun créateur d’institutions nouvelles, mais ces ins¬

512.0 1713.0 2118.0 125.0 titutions mêmes, tant par la parenté qu’elles accusent

527.0 1824.0 2133.0 132.0 dans les milieux analogues que par les divergences de dé¬

530.0 1920.0 2048.0 129.0 tail que l'on y remarque suivant les particularités

527.0 2017.0 2136.0 161.0 sociales propres à chaque commune, révèlent clairement

542.0 2128.0 2097.0 188.0 qu’elles se sont formées spontanément, et pour tout dire,

518.0 2243.0 2130.0 167.0 inconsciemment, sous l’action des mêmes besoins, des

521.0 2345.0 2127.0 170.0 mêmes désirs et des mêmes circonstances. Partout, les

518.0 2453.0 2148.0 164.0 artisans souffrant des mêmes maux demandent les mê¬

524.0 2544.0 2130.0 193.0 mes remèdes, et partout, aussitôt qu’ils en ont la force,

539.0 2641.0 1532.0 149.0 ils les appliquent de la même manière.

583.0 2767.0 2021.0 155.0 Remarquons, en effet, que le système <.......> établi

533.0 2852.0 2156.0 184.0 dans les villes par le régime populaire, ne les a nulle part

647.0 2934.0 325.0 82.0 bouleversées

550.0 2972.0 2113.0 164.0 <............> de fond en comble. Les démocraties du Moyen

556.0 3065.0 2124.0 150.0 Âge, comparées à celles de l’antiquité, sont singulièrement

533.0 3171.0 2136.0 132.0 conservatrices. A Athènes, tout le système des magistra¬

530.0 3270.0 2127.0 132.0 tures, toute l’organisation judiciaire, financière et mi¬

556.0 3385.0 821.0 126.0 (1) Voy. plus haut, p.
