2713 3468
2556.0 17.0 78.0 78.0 39

584.0 60.0 2091.0 107.0 disparaître les châteaux de refuge, s’est substituée

584.0 121.0 2068.0 141.0 a eux. Elle rend désormais à la population rurale les

566.0 210.0 2118.0 128.0 services qu’ils lui rendaient. C’est maintenant l’abri

592.0 300.0 2080.0 119.0 de ses remparts que les paysans viendront chercher

572.0 393.0 2091.0 130.0 en cas de guerre. Pendant des siècles, à l’approche de

572.0 494.0 1507.0 121.0 l’ennemi, ils <.........> s’entasseront

2044.0 476.0 631.0 99.0 avec leurs bestiaux

569.0 575.0 2094.0 121.0 et leurs chariots, le long de ses rues et sur ses marchés.

572.0 653.0 2129.0 144.0 Ainsi la fortification urbaine, la "fermeté" municipale

824.0 762.0 292.0 76.0 remplit

1495.0 748.0 246.0 78.0 emploi

572.0 765.0 2091.0 128.0 <..........> un double <....>. <....> Si elle enclôt l’agglomération agglo¬

564.0 861.0 2082.0 121.0 mération hongroise, elle ouvre largement ses portes

2189.0 924.0 133.0 73.0 Elle

590.0 959.0 2073.0 124.0 aux gens du dehors en cas de péril. <............>

575.0 1060.0 2106.0 122.0 constitue la  sauvegarde du pays environnant <...>

575.0 1167.0 2117.0 116.0 <.........> et la bourgeoisie qui l’ont construite à leurs

2070.0 1236.0 168.0 70.0 qu'ils

578.0 1257.0 1964.0 124.0 frais trouvent dans la sécurité <.......> offrent

2519.0 1277.0 144.0 87.0 aux

584.0 1358.0 2097.0 115.0 paysans, la justification de la prééminence qu’ils s'at¬

558.0 1462.0 2126.0 101.0 tribuent sur eux et de la sujétion dans laquelle ils

2076.0 1525.0 156.0 84.0 sans

564.0 1554.0 2111.0 116.0 les tiennent. Eux mêmes d'ailleurs, <....> leurs mu¬

575.0 1641.0 2129.0 136.0 railles, exposés à toutes les attaques et livrés sans défense

575.0 1748.0 2123.0 116.0 à toutes les convoitises, ne pourraient protéger ni leur

572.0 1861.0 587.0 109.0 fortune ni leurs

1139.0 1846.0 1542.0 107.0 institutions <.....................>

564.0 1927.0 2105.0 127.0 <..........................>

1579.0 2005.0 263.0 52.0 <.....>

564.0 2017.0 2105.0 121.0 <......................>

569.0 2101.0 2112.0 124.0 <..> Le besoin de défense s’impose à eux bien plus impé¬

572.0 2187.0 2109.0 119.0 rieusement qu’aux autres classes sociales. Le clergé est

564.0 2277.0 315.0 69.0 sauvegardé

564.0 2274.0 2122.0 127.0 <........> par la vénération dont il jouit; la noblesse et

578.0 2372.0 2103.0 122.0 les paysans, vivant de la terre « que l’ennemi ne peut em¬

575.0 2470.0 2051.0 122.0 porter», sont toujours assurés de réparer leurs pertes

558.0 2557.0 2114.0 127.0 après un pillage ou une invasion. Mais pour les com¬

564.0 2650.0 2096.0 109.0 munautés urbaines, dont la vie économique plus com¬

572.0 2736.0 2109.0 116.0 pliquée exige des organes plus nombreux, <..> plus délicats et

566.0 2817.0 2115.0 127.0 surtout plus coûteux, <............> dont l'existence

552.0 2916.0 2123.0 109.0 ne se maintient que par l'exercice de professions variées

558.0 2994.0 2100.0 118.0 requérant des installations de toutes sortes, un pillage

561.0 3144.0 2120.0 110.0 (1) Mot du comte Baudouin V de Hainaut, dans Gilebert,

575.0 3216.0 1903.0 121.0 Chronicon Hanoniense, p. 174 (édit. Vanderkindere).
