2713 3516
2469.0 2.0 141.0 97.0 182

498.0 58.0 2132.0 114.0 pouvoir <...............> les petits États féodaux de

498.0 152.0 2129.0 129.0 Flandre et de Lotharingie, la politique monarchique put se

492.0 260.0 2115.0 94.0 déployer avec une vigueur décuplée par l’accroissement des

483.0 328.0 2142.0 132.0 ressources dont elle disposait. <............> Sous Philippe le Bon

489.0 433.0 2147.0 103.0 ( ) l’œuvre d’unification est accomplie, l’État Bour¬

495.0 515.0 2127.0 100.0 guignon est constitué et <.....................>

498.0 603.0 2118.0 100.0 <........................> pourvu des institutions centralisa¬

498.0 688.0 1417.0 97.0 trices indispensables à son maintien. ¬

1401.0 753.0 138.0 64.0 II

542.0 794.0 2077.0 96.0 Tandis qu’en France et en Angleterre l’État moderne <..>

483.0 870.0 2147.0 117.0 <.......> a rencontré dans la haute noblesse son principal

472.0 966.0 2161.0 132.0 adversaire, <....> ce sont les villes qui, dans les Pays-Bas ont prétendu

483.0 1060.0 2133.0 132.0 lui barrer la route. Plus l’ancien régime les avait favorisées et

1712.0 1142.0 250.0 85.0 défendre

507.0 1154.0 2135.0 129.0 plus aussi elles se sont acharnées à le <........>. Il a fallu recourir

495.0 1245.0 1610.0 123.0 à la force pour venir à bout de leur résistance. ¬

542.0 1347.0 2100.0 147.0 Rien ne serait plus inexact, toutefois, que de considérer Philippe

501.0 1447.0 2135.0 138.0 le Bon, ainsi qu’on l’a fait trop souvent, comme un ennemi

507.0 1538.0 2129.0 143.0 mortel des grandes villes, comme un tyran acharné à leur perte

510.0 1629.0 2150.0 155.0 et cherchant toutes les occasions de leur nuire. Il savait que

510.0 1722.0 2135.0 138.0 sa puissance et sa situation en Europe reposaient sur

492.0 1801.0 2162.0 153.0 la prospérité des Pays-Bas, et cette prospérité était trop inti¬

486.0 1892.0 2156.0 167.0 mement liée à celle des bourgeoisies pour qu’il ait pu songer

486.0 1989.0 2127.0 170.0 à les détruire. Ce qui est vrai, c’est que sa politique centralisa¬

492.0 2077.0 2077.0 167.0 trice était incompatible avec l’autonomie municipale

504.0 2156.0 2170.0 182.0 telle que le Moyen Âge l’avait connue. La souveraineté de l’État

498.0 2256.0 2144.0 170.0 ne pouvait capituler devant les privilèges <.......>. Elle devait

486.0 2341.0 2174.0 178.0 nécessairement les réduire au droit commun et sacrifier l’in¬

492.0 2426.0 2162.0 196.0 térêt particulier à l’intérêt général. En combattant les pré¬

903.0 2499.0 281.0 82.0 urbaines

489.0 2519.0 2165.0 197.0 rogatives <..................>, le prince poursuit évidem¬

492.0 2616.0 2171.0 182.0 ment son avantage, mais il agit en même temps à l’avan¬

495.0 2683.0 2171.0 208.0 tage de la grande majorité  de ses sujets. Il considère sa « hauteur »

513.0 2777.0 2091.0 214.0 et sa seigneurie comme la garantie du « bien public » et il

507.0 2871.0 2135.0 205.0 justifie par là l’obéissance qu’il exige. Désormais, les grandes

504.0 2962.0 2141.0 187.0 communes cessent de former autant d’immunités inacces¬

507.0 3044.0 2179.0 202.0 sibles au pouvoir central. Le prince collabore à la nomination

504.0 3117.0 2153.0 202.0 de leurs magistrats, fait vérifier leurs comptes par ses fonc¬

527.0 3220.0 2121.0 184.0 tionnaires, les empêche d’exploiter les petites villes et les pay¬

504.0 3293.0 2144.0 208.0 sans, de remplir le pays de leurs « bourgeois forains » et, bon
