2713 3482
2498.0 0.0 107.0 63.0 110

575.0 23.0 2094.0 124.0 <.........................................>

592.0 110.0 2054.0 127.0 <............................................>

578.0 214.0 2059.0 110.0 <..............................................>

583.0 316.0 2080.0 104.0 <.....................................>

938.0 383.0 424.0 87.0 <..........>

578.0 414.0 2056.0 111.0 <.....................................................>

598.0 519.0 1130.0 99.0 <................>

659.0 620.0 1995.0 108.0 Ce qui augmente encore la force des gildes locales

592.0 716.0 2057.0 105.0 c’est leur association. En Flandre, dès le XIIe siècle, pres¬

595.0 826.0 2033.0 90.0 que toutes les compagnies marchandes des villes de

964.0 876.0 354.0 67.0 ont formé

586.0 916.0 2036.0 108.0 la côte <..............> une compagnie générale

2448.0 980.0 189.0 64.0 exerce

595.0 1009.0 2065.0 116.0 appelée hanse de Londres. <......> La gilde brugeoise <..> la

586.0 1114.0 2071.0 110.0 présidence sur l’ensemble, mais les gildes particulières

583.0 1198.0 2051.0 119.0 des autres villes sont représentées dans le conseil chargé de

580.0 1297.0 2086.0 121.0 diriger le groupe et d’exercer la juridiction sur ses mem¬

583.0 1395.0 1999.0 119.0 bres. Dans la Flandre orientale, Gand semble avoir

569.0 1503.0 2097.0 113.0 été à la tête d’une organisation analogue. On comprend

583.0 1610.0 2066.0 107.0 dès lors l’ascendant et l’influence que durent exercer

2134.0 1671.0 250.0 61.0 hansés »

578.0 1717.0 2091.0 96.0 au sein des bourgeoisies les « marchands <.........>. Non

569.0 1825.0 2094.0 101.0 seulement ils y possédaient le prestige que donne la fortu¬

575.0 1923.0 2071.0 79.0 ne, non seulement ils y alimentaient l’industrie de

572.0 2022.0 2080.0 90.0 matières premières, <..> y occupaient la grande majo¬

569.0 2103.0 2056.0 96.0 rité des artisans et en exportaient les produits, mais

578.0 2211.0 2091.0 98.0 ils s’y sentaient encore soutenus par leurs confrères des

578.0 2330.0 2076.0 87.0 villes voisines et l’on peut affirmer que seuls, dans le

578.0 2428.0 2088.0 102.0 <.........> monde économique de l’époque, ils étaient

586.0 2530.0 2063.0 110.0 animés de la force et de l’audace que donne l’esprit

583.0 2637.0 401.0 87.0 de classe.

592.0 2742.0 2062.0 104.0 <.....> Constitué d’un groupe de propriétaires et d'un

592.0 2852.0 2071.0 101.0 groupe de marchands capitalistes, <..........> le pa¬

583.0 2939.0 2042.0 84.0 triciat n’en possède pas moins une puissante unité.

586.0 3014.0 2031.0 90.0 Car entre les <.......> hommes héritables et les mar¬

583.0 3116.0 2054.0 96.0 chands de la gilde, les rapports sont constants et in¬

575.0 3188.0 2018.0 114.0 times. Chaque famille patricienne, chaque lignage,

580.0 3296.0 1999.0 101.0 comprend des membres des deux catégories. La
