2713 3469
2464.0 89.0 118.0 29.0 100

642.0 66.0 2027.0 101.0 ou économiques d’un milieu humain et nous four¬

633.0 144.0 2007.0 104.0 nit le <.........> moyen d’aborder, dans des conditions

647.0 245.0 2019.0 99.0 suffisantes d’exactitude scientifique, l’analyse des phéno¬

644.0 338.0 2022.0 89.0 mènes sociaux qu'il présente. L'étude même des insti¬

676.0 430.0 1984.0 104.0 <............................> tutions

644.0 531.0 2014.0 102.0 politiques se trouve intéressée à la solution du pro¬

644.0 621.0 2016.0 104.0 blème. N’a-t-on pas prétendu, avec grande vraisem¬

642.0 708.0 1995.0 98.0 blance, que la densité de la population est un des fac¬

636.0 800.0 1981.0 116.0 teurs les plus puissants du régime démocratique ?¬

734.0 899.0 1921.0 118.0 Malheureusement, le Moyen Age ne nous a lais¬

647.0 1006.0 2019.0 104.0 sé que des renseignements statistiques bien insuf¬

656.0 1078.0 2007.0 124.0 fisants. Ce n’est guère qu’au XVe siècle qu’ont été entre¬

653.0 1176.0 2005.0 107.0 pris çà et là des dénombrements complets de population.

642.0 1269.0 2039.0 109.0 Avant cette date, nous sommes forcés de recourir, faute

1304.0 1326.0 176.0 78.0 rôle

653.0 1367.0 2013.0 98.0 de mieux, à des <......> d’impôts, à des relevés de contin¬

656.0 1454.0 2010.0 107.0 gents militaires, à des listes de membres de métiers, de

647.0 1549.0 2037.0 116.0 confréries religieuses etc., sources fragmentaires et qui

647.0 1647.0 2016.0 101.0 ne peuvent <........> permettre tout au plus que des

1182.0 1714.0 449.0 60.0 hypothétiques

642.0 1734.0 2018.0 119.0 supputations <...............> Quelques documents of¬

647.0 1827.0 2016.0 132.0 ficiels, quelques passages de chroniqueurs nous apport¬

636.0 1916.0 2001.0 119.0 tent bien des chiffres précis. Mais, à l’examen leur

647.0 2020.0 2025.0 113.0 valeur se dissipe et c’est pour les avoir admis dans

1388.0 2078.0 182.0 72.0 gonflé

659.0 2101.0 2004.0 124.0 critique que l’on a <...> au delà de toute vraisemblan¬

650.0 2197.0 2008.0 118.0 ce les populations urbaines du Moyen Âge. Il est facile

644.0 2295.0 2005.0 107.0 de constater que les écrivains médiévaux n’ont at¬

656.0 2382.0 2002.0 109.0 tribué aucune importance à la question du nombre.

656.0 2468.0 1981.0 116.0 Sauf les cas très rares où ils ont eu à leur disposition

662.0 2572.0 2016.0 104.0 des relevés exacts, ils enflent involontairement les chif¬

673.0 2656.0 1970.0 110.0 fres, et les contradictions que l’on relève parmi eux,

650.0 2737.0 1982.0 127.0 sont une preuve suffisante du peu de créance qu’il

659.0 2841.0 2004.0 110.0 faut leur attribuer. A vingt ans d’intervalle, deux

650.0 2916.0 2008.0 142.0 documents attribuent à  la ville d’Ypres une population

644.0 3020.0 1215.0 104.0 de 20000 et de 40000 habitants !

668.0 3168.0 590.0 139.0 (1) Voy. Bouglé.
