2713 3518
2495.0 17.0 159.0 120.0 206

557.0 79.0 2106.0 126.0 qui avait compris jadis toute la population des villes

545.0 187.0 2124.0 112.0 n’en renferme plus qu’une partie. Elle constitue une

551.0 287.0 2120.0 108.0 caste presque inaccessible aux masses travailleuses sus¬

545.0 381.0 2112.0 132.0 citées par le nouveau capitalisme et déjà les faits prépa¬

542.0 486.0 2106.0 117.0 rent le changement de sens que le socialisme contem¬

542.0 583.0 1798.0 123.0 porain devait donner au mot « bourgeois ». ¬

654.0 677.0 2000.0 138.0 Si le prolétariat industriel est soigneusement

548.0 782.0 2103.0 123.0 <....> privé de toute intervention légale, <...........>

554.0 900.0 2106.0 90.0 <..............................> et si les hommes dont

551.0 990.0 2079.0 94.0 il se compose appartiennent à des milieux trop différents

548.0 1078.0 2141.0 115.0 <................> et sont trop misérables pour songer

551.0 1178.0 2118.0 126.0 à revendiquer des droits politiques, il n’en est pas moins

545.0 1278.0 2147.0 126.0 vrai <.........> qu’il a plus d’une fois suscité des émeutes

539.0 1374.0 2121.0 132.0 assez graves et vivement inquiété les autorités. Mais

548.0 1459.0 2079.0 150.0 ses mouvements n’ont jamais été provoqués que par

548.0 1559.0 2091.0 150.0 sa détresse. La hausse formidable des prix qui se ma¬

548.0 1662.0 2094.0 152.0 nifeste dans toute l’Europe pendant le XVIe siècle et

1179.0 1753.0 478.0 79.0 ressentirent

560.0 1776.0 2065.0 138.0 que les Pays-Bas <............> depuis 1550 environ, <..>

551.0 1870.0 2097.0 123.0 <...........................................>

542.0 1946.0 2106.0 164.0 <........................> empirèrent encore sa condi¬

536.0 2034.0 2147.0 179.0 tion car la hausse des salaires ne <.............>

542.0 2143.0 2118.0 161.0 compensa que très maigrement la baisse de la valeur

542.0 2230.0 2115.0 171.0 des monnaies. Aussi, n’y a-t-il rien d’étonnant à con¬

554.0 2330.0 2112.0 170.0 stater depuis lors de très nombreux soulèvements provo¬

557.0 2442.0 2079.0 155.0 qués soit par la perception d’un impôt nouveau soit,

536.0 2547.0 2118.0 155.0 le plus souvent, par le renchérissement des grains ou

539.0 2656.0 2109.0 140.0 de la bière. Ces émeutes d’ailleurs, pour violentes qu’elles

554.0 2755.0 2135.0 159.0 aient été parfois, furent toujours très courtes et n’eurent

1847.0 2861.0 79.0 64.0 le

557.0 2858.0 2109.0 146.0 jamais d’autres résultats que <...> pillage des greniers à

545.0 2960.0 2071.0 132.0 blé ou l’effraction des maisons de quelques riches mar¬

551.0 3057.0 2103.0 138.0 chands. <.................> Bien différente des com¬

548.0 3157.0 2079.0 146.0 muniers du Moyen Âge, la foule affamée d’hommes, de

557.0 3236.0 2079.0 155.0 femmes et d’enfants qui les provoquèrent, était sans ar¬

557.0 3342.0 2032.0 149.0 mes, et les compagnies militaires de la bourgeoisie
