2713 3468
2475.0 14.0 159.0 98.0 204

514.0 80.0 2141.0 125.0 La plupart des métiers sont endettés; leurs vieilles institu¬

517.0 187.0 2088.0 119.0 tions charitables se soutiennent à peine. D’autre part,

511.0 280.0 2109.0 127.0 leurs privilèges politiques ne profitent plus qu’aux maîtres.

511.0 375.0 2121.0 130.0 Eux seuls représentent les corporations en face de l’auto¬

506.0 473.0 2149.0 131.0 rité communale et l’on peut dire, en employant une expres¬

511.0 580.0 2063.0 113.0 sion rigoureusement exacte dans sa trivialité, qu’ils

503.0 661.0 2149.0 136.0 n’en invoquent plus les franchises que dans un intérêt de

494.0 754.0 443.0 98.0 boutique. ¬

558.0 840.0 2143.0 142.0 <....> En face de ces vieux corps <...........> engourdis dans

485.0 950.0 2184.0 101.0 le privilège, les ouvriers des industries nouvelles entretiennent

494.0 1034.0 2155.0 93.0 dans les villes qu’a atteintes l’action du capitalisme <.......>

494.0 1115.0 2161.0 119.0 <..........> une activité <..........> constamment accrue

500.0 1210.0 2137.0 110.0 par les progrès de l’exportation. Entre leur situation et celle

497.0 1314.0 2181.0 107.0 des métiers on retrouve, mais bien autrement prononcé le

503.0 1401.0 2169.0 130.0 contraste que nous avons observé plus haut entre les arti¬

2391.0 1508.0 212.0 69.0 simples

497.0 1508.0 2166.0 121.0 sans de la draperie et ceux des autres professions. Salariés

517.0 1595.0 2158.0 130.0 comme les foulons et les tisserands du Moyen Âge, ils ne

511.0 1696.0 2147.0 133.0 jouissent pas comme ceux-ci des avantages du régime

494.0 1791.0 2126.0 136.0 corporatif. Il sont soumis sans défense à l’exploita¬

506.0 1875.0 2172.0 153.0 tion de leurs patrons. <.......> Le pouvoir public, <.......>

500.0 1982.0 2169.0 139.0 <...........> si plein de sollicitude pour le petit com¬

494.0 2072.0 2155.0 127.0 merce les abandonne à leur sort. S’il intervient en

500.0 2164.0 2094.0 130.0 leur faveur, ce n’est que par la réorganisation de la

509.0 2242.0 2134.0 148.0 bienfaisance et ce fait en dit long sur leur misère. Bon

488.0 2349.0 2149.0 139.0 nombre d’entre eux d’ailleurs ne sont que des mendiants

500.0 2421.0 2123.0 168.0 contraints au travail ou des fils de mendiants auxquels

503.0 2525.0 2155.0 165.0 les nouvelles institutions charitables ont fourni le moy¬

491.0 2624.0 2184.0 159.0 en d’apprendre quelque « art mécanique ». D’autres, nous l’a¬

494.0 2713.0 2175.0 162.0 vons vu plus haut, viennent de la campagne louer leurs

491.0 2800.0 2169.0 173.0 bras en ville et n’appartiennent pas à la bourgeoisie. Ils

500.0 2904.0 2149.0 170.0 constituent dans la population un élément flottant au

509.0 2999.0 2146.0 168.0 gré des <.....> moments de crise ou de prospérité. Les étrangers

526.0 3115.0 2140.0 147.0 qui passent par le pays s’étonnent de trouver dans la

523.0 3210.0 2155.0 145.0 plupart des villes, à côté d’opulents marchands, une plèbe

491.0 3329.0 897.0 104.0 pauvre et mécontente. ¬
