2713 3507
2426.0 2.0 190.0 126.0 168

575.0 84.0 1983.0 114.0 suppression des privilèges des gildes et des hanses a

578.0 189.0 2053.0 103.0 permis à bon nombre de ces favorisés, de prendre part

567.0 289.0 2075.0 105.0 au<.> grand commerce. Il reste vrai pourtant que <....>

558.0 388.0 1997.0 91.0 <.....> la masse des salariés a continué de vivre après

564.0 493.0 2061.0 85.0 comme avant la révolution démocratique, dans une

567.0 566.0 2075.0 129.0 situation très voisine de celle de nos prolétaires moder¬

567.0 683.0 2040.0 117.0 nes. Après comme avant elle, la plupart des tisserands

561.0 762.0 2084.0 143.0 et des foulons n’ont pu atteindre à l’idéal qu’ils voyaient

561.0 867.0 2037.0 120.0 réalisé <............> dans les autres métiers. L’inter¬

570.0 973.0 2008.0 122.0 vention du capital, si atténuée qu’elle ait pu être, n'a

561.0 1081.0 2046.0 131.0 pas cessé de s’imposer à eux. Pour qu’elle disparût, il

573.0 1180.0 2046.0 146.0 eût fallu que la draperie renonçant à l’exportation

578.0 1291.0 2047.0 138.0 qui faisait sa force, se contentât du marché local.

564.0 1388.0 2078.0 137.0 Alors, mais alors seulement, le tisserand eût pu deve¬

570.0 1493.0 2093.0 131.0 nir à son tour un véritable artisan médiéval, vendant

581.0 1598.0 2058.0 152.0 au détail dans sa boutique les pièces d’étoffes fabri¬

1315.0 1677.0 173.0 79.0 vint

2315.0 1718.0 275.0 79.0 D'ailleurs

599.0 1709.0 2011.0 143.0 quées par lui. Il <.......................> un jour. Cette

613.0 1771.0 199.0 81.0 où cette

1236.0 1788.0 462.0 82.0 s'accomplit.

590.0 1817.0 1997.0 132.0 transformation <..............> .Mais ce jour-là, la

593.0 1925.0 2032.0 120.0 grande industrie flamande était morte et <......>

581.0 2013.0 2079.0 140.0 <..................................................>

599.0 2104.0 2002.0 143.0 <.....................................> de son activité

599.0 2215.0 1523.0 108.0 passée, il ne restait plus que le souvenir.

1417.0 2343.0 226.0 167.0 III.

678.0 2478.0 1973.0 134.0 Ce que nous venons de dire de l’organisation écono¬

575.0 2568.0 2064.0 170.0 mique des villes sous le régime populaire était in¬

593.0 2679.0 1976.0 155.0 dispensable pour bien comprendre <...........>

593.0 2782.0 2003.0 169.0 leur organisation politique. Malgré d’innombrables

608.0 2890.0 2034.0 149.0 différences de détail, celle-ci se présente partout avec

613.0 2980.0 2023.0 182.0 les mêmes caractères généraux. En principe, elle en re¬

605.0 3103.0 1976.0 143.0 vient au gouvernement direct qui avait été, à

584.0 3208.0 2020.0 129.0 l’origine, pratiqué dans les communes naissantes.

584.0 3284.0 2123.0 158.0 Mais le fonctionnement en <............> affecte une

2008.0 3398.0 678.0 97.0 forme nouvelle, im¬
