2101 3265
149.0 68.0 147.0 214.0 211.

5.0 21.0 196.0 294.0 M. S'unis

609.0 438.0 1385.0 182.0 Avertissement.) cap. dès 1

307.0 810.0 1611.0 134.0 Le nom de Pays-Bas est employé ici

198.0 960.0 1761.0 125.0 dans son acception ancienne, c'est à

195.0 1085.0 1829.0 163.0 dire comme désignant l'ensemble des

185.0 1213.0 1839.0 158.0 territoires qui constituent aujourd'hui

204.0 1344.0 1858.0 174.0 les départements du Nord et du Pas-de¬

220.0 1493.0 1837.0 177.0 Calais, ainsi que les royammes de Bel¬

234.0 1654.0 1774.0 130.0 gique et de Hollande. Les seules démo¬

234.0 1793.0 1809.0 119.0 craties qu'aient connu ces régions avant

234.0 1915.0 1831.0 136.0 nos jours ont été des démocraties urbaines

234.0 2065.0 1815.0 147.0 et l'on ne s'étonnera donc point qu'il ne

234.0 2184.0 1815.0 183.0 soit question que de villes dans ce petit

255.0 2318.0 1783.0 168.0 livre. Il a fallu y accorder une attention

250.0 2465.0 1785.0 138.0 particulière au Moyen age où se sont

247.0 2601.0 1796.0 136.0 constitués les organismes municipaux

253.0 2723.0 1796.0 131.0 dont les temps modernes ont vu la lente

255.0 2878.0 1794.0 120.0 désagregation. Disons enfin

261.0 3006.0 1840.0 144.0 que l'on s'est préoccupé avant tout dans
