2713 3526
2498.0 61.0 79.0 71.0 79

652.0 70.0 2019.0 138.0 Le « bien commun » de la bourgeoisie est très nettement

564.0 173.0 2101.0 126.0 l’idéal auquel tend la législation que nous venons

564.0 261.0 2093.0 126.0 d’esquisser. Pour le réaliser, elle emploie des procédés

573.0 355.0 2092.0 118.0 autoritaires, restreint impitoyablement la liberté

2233.0 426.0 144.0 70.0 cette

564.0 446.0 2099.0 115.0 individuelle et instaure, en un mot, une sorte de

552.0 540.0 2143.0 106.0 socialisme municipal dont nous aurons tout

564.0 622.0 2113.0 118.0 à l’heure à constater de nouvelles applications. Mais

564.0 714.0 2113.0 111.0 un tel état de choses eût été impossible sans un

555.0 808.0 2122.0 117.0 ensemble de circonstances qu’il faut rapidement

564.0 902.0 2104.0 129.0 exposer. La difficulté des transports, le faible dévelop¬

576.0 993.0 2078.0 138.0 pement du capital et la solidité de la corporation

561.0 1090.0 2084.0 129.0 bourgeoise en sont les principales. Il est bien évident,

558.0 1190.0 2113.0 129.0 en effet, que si le paysan avait eu la faculté de vendre

552.0 1304.0 2102.0 100.0 ses produits à des spéculateurs en gros capables eux¬

546.0 1392.0 2102.0 115.0 mêmes d’exporter à bas prix ces produits à l’étranger

567.0 1489.0 2090.0 109.0 les règlements dont nous venons de parler, seraient

570.0 1580.0 2095.0 112.0 restés lettre morte. Mais, par la force des choses, la

1801.0 1648.0 741.0 73.0 naturel et nécessaire

576.0 1686.0 2098.0 94.0 ville était le <....> marché <..................> des

573.0 1777.0 2069.0 94.0 campagnes voisines. <..........> L’état des chemins

567.0 1851.0 2084.0 135.0 et des charrois ne permettait pas de diriger les fruits

561.0 1939.0 2119.0 123.0 du sol vers d’autres débouchés. D’autre part, dans la ville

558.0 2027.0 2113.0 132.0 même, l’esprit public, la solidarité de tous les membres

567.0 2121.0 2107.0 138.0 du groupe urbain constituaient un frein moral assez

1978.0 2180.0 276.0 85.0 <.......>

564.0 2215.0 2099.0 141.0 fort pour s’opposer efficacement <....> aux tentatives de

2013.0 2271.0 165.0 62.0 aux

561.0 2303.0 2093.0 147.0 fraude. <..............................................>¬

620.0 2415.0 2016.0 141.0 Il ne faudrait pas croire que l’alimentation des

546.0 2518.0 2105.0 126.0 villes n’ait mis en réquisition que le "plat-pays" des

558.0 2612.0 2110.0 129.0 alentours. Le tableau que nous venons d’en tracer

561.0 2709.0 2113.0 135.0 serait incomplet si nous n’y faisions pas sa part au

558.0 2820.0 2125.0 115.0 commerce. Il est évident, en effet, qu’une bonne partie

552.0 2903.0 2119.0 123.0 des subsistances urbaines, au moins dans les grandes

549.0 2997.0 2102.0 114.0 villes, arrivaient par cette voie. Dans beaucoup de

526.0 3102.0 2160.0 109.0 régions les blés, dans un bien plus grand nombre encore

540.0 3188.0 2123.0 111.0 les vins et les harengs <...............> étaient importés

526.0 3282.0 2137.0 126.0 en gros par des marchands qui s’en approvisionnaient
