<?xml version="1.0" encoding="UTF-8"?>
<alto xmlns:xsi="http://www.w3.org/2001/XMLSchema-instance"
      xmlns="http://www.loc.gov/standards/alto/ns-v4#"
      xsi:schemaLocation="http://www.loc.gov/standards/alto/ns-v4# http://www.loc.gov/standards/alto/v4/alto-4-2.xsd">
  <Description>
    <MeasurementUnit>pixel</MeasurementUnit>
    <sourceImageInformation>
      <fileName>ARCH-DIV-000494_0174.png</fileName>
    </sourceImageInformation>
  </Description>
  <Tags>
    <OtherTag ID="BT1" LABEL="Title" DESCRIPTION="block type Title"/><OtherTag ID="BT2" LABEL="Main" DESCRIPTION="block type Main"/><OtherTag ID="BT3" LABEL="Commentary" DESCRIPTION="block type Commentary"/><OtherTag ID="BT4" LABEL="Illustration" DESCRIPTION="block type Illustration"/><OtherTag ID="BT130" LABEL="TitlePageZone" DESCRIPTION="block type TitlePageZone"/><OtherTag ID="BT131" LABEL="MarginTextZone" DESCRIPTION="block type MarginTextZone"/><OtherTag ID="BT132" LABEL="MainZone" DESCRIPTION="block type MainZone"/><OtherTag ID="BT133" LABEL="CustomZone:numbering" DESCRIPTION="block type CustomZone:numbering"/><OtherTag ID="BT134" LABEL="NumberingZone" DESCRIPTION="block type NumberingZone"/><OtherTag ID="BT136" LABEL="MarginTextZone:lower" DESCRIPTION="block type MarginTextZone:lower"/>
    <OtherTag ID="LT75" LABEL="HeadingLine" DESCRIPTION="line type HeadingLine"/><OtherTag ID="LT76" LABEL="DefaultLine" DESCRIPTION="line type DefaultLine"/><OtherTag ID="LT77" LABEL="InterlinearLine:correction" DESCRIPTION="line type InterlinearLine:correction"/><OtherTag ID="LT78" LABEL="InterlinearLine:addition" DESCRIPTION="line type InterlinearLine:addition"/>
  </Tags>
  <Layout>
    <Page WIDTH="2713"
          HEIGHT="3480"
          PHYSICAL_IMG_NR="168"
          ID="eSc_dummypage_">
      <PrintSpace HPOS="0"
                  VPOS="0"
                  WIDTH="2713"
                  HEIGHT="3480">
        <TextBlock HPOS="2470.0"
                   VPOS="6.0"
                   WIDTH="181.0"
                   HEIGHT="137.0"
                   ID="eSc_textblock_dad2faa7"
                   TAGREFS="BT134">
          <Shape><Polygon POINTS="2484 6 2470 143 2651 135 2651 6"/></Shape>
          <TextLine ID="eSc_line_bdd8ea4a"
                    TAGREFS="LT76"
                    BASELINE="2480 90 2599 89" 
                    HPOS="2475.0"
                    VPOS="2.0"
                    WIDTH="121.0"
                    HEIGHT="125.0">
            <Shape><Polygon POINTS="2536 2 2475 14 2477 89 2477 127 2596 115 2596 87 2588 2 2562 2"/></Shape>
	    <String CONTENT="166"
                    HPOS="2475.0"
                    VPOS="2.0"
                    WIDTH="121.0"
                    HEIGHT="125.0"></String>
          </TextLine>
        </TextBlock>
        <TextBlock HPOS="527.0"
                   VPOS="2.0"
                   WIDTH="2171.0"
                   HEIGHT="3441.0"
                   ID="7a68bdb8-aecf-4d39-8121-1da83c10791f"
                   TAGREFS="BT132">
          <Shape><Polygon POINTS="2467 151 2698 151 2698 3443 527 3443 527 2 2474 2"/></Shape>
          <TextLine ID="eSc_line_64c90ea1"
                    TAGREFS="LT76"
                    BASELINE="577 104 2469 90" 
                    HPOS="571.0"
                    VPOS="26.0"
                    WIDTH="1895.0"
                    HEIGHT="116.0">
            <Shape><Polygon POINTS="2460 55 2460 49 2376 49 2332 26 2324 26 2283 49 1999 49 1926 28 1917 28 1871 46 1819 28 1810 28 1772 49 1711 28 1607 46 1514 28 1439 52 1355 34 1256 52 1143 37 1122 52 1012 40 902 55 826 34 635 34 571 57 574 127 1035 142 1085 124 1096 124 1140 139 1328 124 1700 136 1743 121 1941 136 2010 121 2155 133 2184 118 2463 118 2466 89 2460 55"/></Shape>
	    <String CONTENT="&lt;.............................................................&gt;"
                    HPOS="571.0"
                    VPOS="26.0"
                    WIDTH="1895.0"
                    HEIGHT="116.0"></String>
          </TextLine>
          <TextLine ID="eSc_line_5683cb31"
                    TAGREFS="LT76"
                    BASELINE="591 194 2628 194" 
                    HPOS="589.0"
                    VPOS="156.0"
                    WIDTH="2036.0"
                    HEIGHT="84.0">
            <Shape><Polygon POINTS="589 191 589 217 739 217 777 234 780 234 783 234 908 217 916 217 922 217 995 237 998 237 1001 240 1311 240 1311 237 1314 237 1317 237 1337 220 1340 220 1352 220 1555 237 1558 237 1561 237 1601 220 1613 217 1645 223 1746 237 1749 237 1752 237 1784 223 1790 220 1813 223 1917 237 1920 237 2135 231 2138 231 2141 231 2150 226 2161 217 2170 226 2187 237 2190 237 2193 237 2196 237 2251 226 2292 217 2623 226 2625 191 2625 156 589 156 589 191"/></Shape>
	    <String CONTENT="Elle ne voit plus de salut que dans le privilège, dans la"
                    HPOS="589.0"
                    VPOS="156.0"
                    WIDTH="2036.0"
                    HEIGHT="84.0"
                    WC="0.9968276264374716"></String>
          </TextLine>
          <TextLine ID="eSc_line_1d8ac76d"
                    TAGREFS="LT77"
                    BASELINE="604 243 882 242 985 253" 
                    HPOS="600.0"
                    VPOS="197.0"
                    WIDTH="383.0"
                    HEIGHT="75.0">
            <Shape><Polygon POINTS="603 240 600 269 977 272 983 252 980 203 603 197 603 240"/></Shape>
	    <String CONTENT="restriction"
                    HPOS="600.0"
                    VPOS="197.0"
                    WIDTH="383.0"
                    HEIGHT="75.0"
                    WC="0.9976253509521484"></String>
          </TextLine>
          <TextLine ID="eSc_line_555ad9dd"
                    TAGREFS="LT76"
                    BASELINE="583 295 2654 287" 
                    HPOS="577.0"
                    VPOS="229.0"
                    WIDTH="2075.0"
                    HEIGHT="98.0">
            <Shape><Polygon POINTS="983 252 908 243 577 252 580 319 1180 327 1209 313 1273 324 1291 310 1711 310 1955 324 2002 310 2298 321 2434 307 2646 321 2652 284 2646 246 2396 246 2364 229 2356 229 2324 246 2092 246 2031 229 1955 246 1903 231 1566 246 1511 231 1503 231 1468 246 1320 231 986 240 983 252"/></Shape>
	    <String CONTENT="&lt;........&gt; de la liberté d’autrui et son exclusivisme,"
                    HPOS="577.0"
                    VPOS="229.0"
                    WIDTH="2075.0"
                    HEIGHT="98.0"></String>
          </TextLine>
          <TextLine ID="eSc_line_ca825a9c"
                    TAGREFS="LT76"
                    BASELINE="583 371 1995 376 1996 376 2063 387 2102 379 2596 377" 
                    HPOS="577.0"
                    VPOS="313.0"
                    WIDTH="2017.0"
                    HEIGHT="87.0">
            <Shape><Polygon POINTS="580 368 577 391 2588 400 2594 377 2591 339 2106 339 2100 336 2005 319 2002 319 1999 319 1996 319 1975 336 1973 339 1839 339 1836 336 1796 316 1793 316 1790 316 1787 316 1723 333 1558 316 1555 316 1552 316 1549 316 1520 336 1424 336 1378 316 1375 316 1372 316 1259 327 1059 313 1056 313 1053 313 1001 330 960 313 957 313 954 313 655 327 623 313 620 313 618 313 615 313 580 330 580 368"/></Shape>
	    <String CONTENT="&lt;...........................&gt; la condamne à"
                    HPOS="577.0"
                    VPOS="313.0"
                    WIDTH="2017.0"
                    HEIGHT="87.0"></String>
          </TextLine>
          <TextLine ID="eSc_line_adb46e31"
                    TAGREFS="LT76"
                    BASELINE="586 455 2666 461" 
                    HPOS="580.0"
                    VPOS="403.0"
                    WIDTH="2083.0"
                    HEIGHT="98.0">
            <Shape><Polygon POINTS="583 452 580 478 687 498 690 498 777 484 867 498 870 498 1709 487 1726 501 1729 501 1732 501 1735 501 2660 484 2663 458 2660 417 583 403 583 452"/></Shape>
	    <String CONTENT="&lt;....&gt; s&#x27;agiter dans une lutte perpétuelle contre les exclu¬"
                    HPOS="580.0"
                    VPOS="403.0"
                    WIDTH="2083.0"
                    HEIGHT="98.0"></String>
          </TextLine>
          <TextLine ID="eSc_line_47b21508"
                    TAGREFS="LT76"
                    BASELINE="589 548 1421 548 1778 562 2634 548" 
                    HPOS="583.0"
                    VPOS="498.0"
                    WIDTH="2048.0"
                    HEIGHT="102.0">
            <Shape><Polygon POINTS="586 545 586 574 925 574 931 577 960 600 963 600 966 600 969 600 972 600 1038 577 1047 571 1212 571 1302 577 1476 588 1479 588 1482 588 1511 577 1529 571 1671 571 1677 577 1703 597 1706 597 1709 597 1711 597 2628 577 2631 545 2623 498 583 501 586 545"/></Shape>
	    <String CONTENT="sivismes qu’elle heurte. Entre Gand et Bruges, depuis le"
                    HPOS="583.0"
                    VPOS="498.0"
                    WIDTH="2048.0"
                    HEIGHT="102.0"
                    WC="0.9847105311022865"></String>
          </TextLine>
          <TextLine ID="eSc_line_1ad392de"
                    TAGREFS="LT76"
                    BASELINE="574 640 1706 655 2628 643" 
                    HPOS="568.0"
                    VPOS="582.0"
                    WIDTH="2057.0"
                    HEIGHT="108.0">
            <Shape><Polygon POINTS="571 638 568 667 647 684 792 667 826 667 943 681 1001 664 1227 664 1268 684 1279 684 1297 667 1471 664 1706 687 1709 690 2373 690 2373 687 2623 664 2625 640 2620 597 1668 606 1639 585 1604 588 1520 603 1494 582 1401 582 1398 588 1378 603 1326 588 1317 588 1288 603 1244 585 1230 585 1192 600 995 582 986 582 986 585 960 603 914 588 783 603 745 582 737 582 684 603 655 582 571 582 571 638"/></Shape>
	    <String CONTENT="milieu du XIVe siècle, l’hostilité va toujours croissant"
                    HPOS="568.0"
                    VPOS="582.0"
                    WIDTH="2057.0"
                    HEIGHT="108.0"></String>
          </TextLine>
          <TextLine ID="eSc_line_fbf860dd"
                    TAGREFS="LT76"
                    BASELINE="580 739 2663 748" 
                    HPOS="574.0"
                    VPOS="681.0"
                    WIDTH="2086.0"
                    HEIGHT="107.0">
            <Shape><Polygon POINTS="577 736 574 765 661 780 670 780 690 765 690 768 713 783 824 765 986 765 1018 783 1027 783 1093 768 1120 765 1273 785 1279 785 1317 768 1561 768 1619 785 1871 768 1964 788 2063 771 2399 771 2425 788 2434 788 2657 777 2660 745 2657 707 2547 687 2431 704 2402 704 2298 687 2242 704 2083 687 1967 704 1929 690 1592 701 1526 684 1517 684 1468 701 1424 684 1279 701 1146 701 1125 681 1009 698 577 684 577 736"/></Shape>
	    <String CONTENT="&lt;..............................................&gt;"
                    HPOS="574.0"
                    VPOS="681.0"
                    WIDTH="2086.0"
                    HEIGHT="107.0"></String>
          </TextLine>
          <TextLine ID="eSc_line_b11ff3bc"
                    TAGREFS="LT76"
                    BASELINE="586 832 2631 846" 
                    HPOS="583.0"
                    VPOS="777.0"
                    WIDTH="2045.0"
                    HEIGHT="113.0">
            <Shape><Polygon POINTS="583 867 861 855 893 875 1018 858 1073 875 1082 875 1131 858 1392 858 1474 881 1485 881 1500 869 1508 867 1578 869 1732 881 1784 861 1862 884 2132 864 2150 872 2164 884 2176 884 2231 869 2271 890 2393 890 2393 887 2437 867 2623 872 2628 843 2623 794 1932 800 1798 783 1778 800 1621 800 1592 791 1549 783 1485 797 1442 783 1433 783 1404 797 1378 780 1186 794 1079 780 995 794 934 777 583 788 583 829"/></Shape>
	    <String CONTENT="&lt;....&gt;. La question de l’étape, à la même époque, met"
                    HPOS="583.0"
                    VPOS="777.0"
                    WIDTH="2045.0"
                    HEIGHT="113.0"></String>
          </TextLine>
          <TextLine ID="eSc_line_cd833041"
                    TAGREFS="LT76"
                    BASELINE="583 928 2649 948" 
                    HPOS="577.0"
                    VPOS="869.0"
                    WIDTH="2069.0"
                    HEIGHT="108.0">
            <Shape><Polygon POINTS="577 945 678 965 922 951 1021 968 1030 968 1050 954 1259 954 1265 956 1276 968 1572 956 1636 974 1813 959 1874 974 1877 977 2643 977 2646 907 2605 884 2434 904 2382 881 2370 881 2332 904 2300 887 2121 901 2071 878 2065 878 1964 901 1851 901 1816 875 1804 875 1758 901 1616 901 1543 898 1505 872 1326 896 1207 869 1125 893 1096 869 945 869 887 890 815 878 777 875 760 893 615 893 583 875 577 945"/></Shape>
	    <String CONTENT="aux prises Malines et Anvers. Dans le pays de Liège, Di¬"
                    HPOS="577.0"
                    VPOS="869.0"
                    WIDTH="2069.0"
                    HEIGHT="108.0"></String>
          </TextLine>
          <TextLine ID="eSc_line_d77bab45"
                    TAGREFS="LT76"
                    BASELINE="594 1020 2492 1039 2623 1048" 
                    HPOS="589.0"
                    VPOS="954.0"
                    WIDTH="2031.0"
                    HEIGHT="113.0">
            <Shape><Polygon POINTS="591 1017 589 1035 612 1049 969 1038 1262 1055 1268 1055 1294 1041 1320 1058 1331 1058 1386 1044 1500 1058 1520 1044 1561 1061 1787 1046 1868 1061 1987 1049 2614 1067 2620 1046 2617 997 2533 997 2533 994 2509 977 2509 974 2498 974 2434 991 2356 968 2222 991 1981 991 1932 965 1848 983 1825 962 1816 962 1706 985 1703 988 1648 988 1610 962 1474 983 1444 959 1291 956 1241 980 1096 956 1038 974 980 954 841 954 812 977 710 959 591 974 591 1017"/></Shape>
	    <String CONTENT="nant s&#x27;acharne à la ruine de Bouvines, sa voisine"
                    HPOS="589.0"
                    VPOS="954.0"
                    WIDTH="2031.0"
                    HEIGHT="113.0"></String>
          </TextLine>
          <TextLine ID="eSc_line_557025b3"
                    TAGREFS="LT76"
                    BASELINE="589 1128 2274 1128 2543 1129 2544 1129 2652 1157" 
                    HPOS="586.0"
                    VPOS="1061.0"
                    WIDTH="2063.0"
                    HEIGHT="104.0">
            <Shape><Polygon POINTS="586 1125 586 1160 1085 1148 1503 1162 1627 1148 1659 1165 2007 1165 2007 1162 2115 1148 2643 1162 2649 1154 2649 1084 2422 1084 2390 1064 2182 1081 2158 1061 1903 1081 1854 1061 1787 1081 1723 1061 1491 1061 1453 1081 1395 1064 1386 1064 1323 1081 1276 1061 1268 1061 1230 1075 1218 1084 1073 1084 1061 1075 1027 1061 1018 1061 943 1081 855 1061 586 1073 586 1125"/></Shape>
	    <String CONTENT="et sa rivale industrielle. &lt;......&gt; L’action en commun"
                    HPOS="586.0"
                    VPOS="1061.0"
                    WIDTH="2063.0"
                    HEIGHT="104.0"></String>
          </TextLine>
          <TextLine ID="eSc_line_6e09af6e"
                    TAGREFS="LT76"
                    BASELINE="589 1220 2660 1235" 
                    HPOS="586.0"
                    VPOS="1160.0"
                    WIDTH="2071.0"
                    HEIGHT="110.0">
            <Shape><Polygon POINTS="586 1218 586 1255 2242 1255 2254 1270 2654 1255 2657 1232 2654 1186 2570 1189 2527 1171 2515 1171 2483 1191 2248 1191 2155 1168 2071 1186 2036 1168 1964 1186 1828 1165 1819 1165 1793 1183 1723 1168 1465 1183 1415 1162 1085 1180 948 1160 586 1174 586 1218"/></Shape>
	    <String CONTENT="dont les villes du XIIIe siècle ont donné tant d’exemples ne"
                    HPOS="586.0"
                    VPOS="1160.0"
                    WIDTH="2071.0"
                    HEIGHT="110.0"></String>
          </TextLine>
          <TextLine ID="eSc_line_fbfe52fd"
                    TAGREFS="LT76"
                    BASELINE="589 1316 2660 1334" 
                    HPOS="583.0"
                    VPOS="1264.0"
                    WIDTH="2074.0"
                    HEIGHT="113.0">
            <Shape><Polygon POINTS="586 1313 583 1339 629 1360 855 1342 884 1342 931 1360 1175 1345 1195 1365 1204 1368 1311 1368 1311 1365 1317 1365 1337 1348 1372 1363 1459 1348 1500 1348 1769 1371 1772 1374 1944 1374 1944 1371 1993 1354 2068 1377 2182 1377 2182 1374 2222 1357 2425 1374 2654 1360 2657 1334 2654 1293 2303 1290 2280 1273 2129 1287 1984 1270 1772 1284 1714 1267 1503 1281 1430 1264 1233 1278 1215 1264 586 1264 586 1313"/></Shape>
	    <String CONTENT="se rencontre plus à partir de l’époque des constitutions dé¬"
                    HPOS="583.0"
                    VPOS="1264.0"
                    WIDTH="2074.0"
                    HEIGHT="113.0"></String>
          </TextLine>
          <TextLine ID="eSc_line_2d2d7c9b"
                    TAGREFS="LT76"
                    BASELINE="594 1406 2652 1429" 
                    HPOS="589.0"
                    VPOS="1365.0"
                    WIDTH="2060.0"
                    HEIGHT="105.0">
            <Shape><Polygon POINTS="591 1403 589 1435 806 1435 821 1438 870 1452 873 1452 876 1452 1183 1441 1305 1438 1372 1444 1537 1458 1540 1458 1543 1458 1598 1444 1619 1441 1706 1441 1711 1447 1729 1461 1732 1461 1735 1461 1738 1461 1836 1447 1859 1444 1865 1447 1880 1461 1880 1464 1883 1464 1886 1464 1888 1464 2051 1452 2132 1467 2135 1470 2329 1470 2329 1467 2332 1467 2373 1452 2379 1450 2388 1452 2431 1470 2434 1470 2437 1470 2646 1452 2649 1426 2646 1389 591 1365 591 1403"/></Shape>
	    <String CONTENT="mocratiques. S’il arrive encore que plusieurs communes"
                    HPOS="589.0"
                    VPOS="1365.0"
                    WIDTH="2060.0"
                    HEIGHT="105.0"
                    WC="0.990657369295756"></String>
          </TextLine>
          <TextLine ID="eSc_line_77b692b6"
                    TAGREFS="LT77"
                    BASELINE="1288 1463 1451 1465" 
                    HPOS="1282.0"
                    VPOS="1423.0"
                    WIDTH="168.0"
                    HEIGHT="61.0">
            <Shape><Polygon POINTS="1285 1461 1282 1476 1444 1484 1450 1464 1447 1426 1285 1423 1285 1461"/></Shape>
	    <String CONTENT="forces"
                    HPOS="1282.0"
                    VPOS="1423.0"
                    WIDTH="168.0"
                    HEIGHT="61.0"></String>
          </TextLine>
          <TextLine ID="eSc_line_2dd4c63b"
                    TAGREFS="LT76"
                    BASELINE="606 1505 2480 1525 2657 1537" 
                    HPOS="600.0"
                    VPOS="1450.0"
                    WIDTH="2054.0"
                    HEIGHT="118.0">
            <Shape><Polygon POINTS="1328 1464 1299 1464 1297 1458 1288 1458 1285 1458 1250 1461 1146 1470 1131 1458 1128 1455 1125 1455 1122 1455 1120 1455 1024 1455 652 1464 606 1450 603 1502 600 1531 1137 1554 1140 1554 1384 1545 1621 1539 1651 1551 1671 1560 1674 1560 1677 1563 1804 1563 1804 1560 1807 1560 1819 1554 1845 1542 2071 1560 2132 1563 2135 1563 2164 1560 2309 1548 2649 1568 2654 1537 2654 1487 1755 1464 1752 1464 1714 1470 1662 1476 1613 1467 1578 1461 1575 1461 1514 1464 1413 1473 1343 1464 1328 1464"/></Shape>
	    <String CONTENT="associent leurs &lt;.......&gt;, c’est que l’une d’elle a impo¬"
                    HPOS="600.0"
                    VPOS="1450.0"
                    WIDTH="2054.0"
                    HEIGHT="118.0"></String>
          </TextLine>
          <TextLine ID="eSc_line_3fe9e277"
                    TAGREFS="LT76"
                    BASELINE="609 1603 2643 1618" 
                    HPOS="603.0"
                    VPOS="1548.0"
                    WIDTH="2037.0"
                    HEIGHT="105.0">
            <Shape><Polygon POINTS="606 1600 603 1638 2634 1653 2640 1615 2637 1577 2477 1577 2477 1574 2460 1560 2457 1560 2454 1560 2451 1560 2028 1571 1984 1571 1981 1571 1967 1557 1964 1557 1961 1557 1958 1557 1955 1557 1906 1571 1897 1571 1888 1571 1807 1554 1804 1554 1636 1568 1627 1568 1624 1568 1607 1554 1604 1554 1601 1554 1598 1554 1450 1568 1427 1568 1407 1566 1297 1551 1294 1551 1056 1566 1015 1566 1009 1563 969 1548 966 1548 963 1548 606 1560 606 1600"/></Shape>
	    <String CONTENT="sé son hégémonie aux autres et les &lt;......&gt; entraine"
                    HPOS="603.0"
                    VPOS="1548.0"
                    WIDTH="2037.0"
                    HEIGHT="105.0"></String>
          </TextLine>
          <TextLine ID="eSc_line_64285d67"
                    TAGREFS="LT76"
                    BASELINE="603 1708 1021 1702 2657 1734" 
                    HPOS="600.0"
                    VPOS="1641.0"
                    WIDTH="2054.0"
                    HEIGHT="125.0">
            <Shape><Polygon POINTS="600 1705 600 1725 687 1725 707 1742 945 1728 1009 1748 1166 1734 1186 1751 1410 1754 1453 1737 1471 1754 1819 1742 1944 1763 2176 1751 2649 1766 2654 1731 2649 1673 2565 1687 2541 1673 2335 1684 2065 1664 2007 1679 1961 1661 1706 1673 1677 1655 1505 1670 1337 1650 1224 1664 905 1661 896 1655 844 1641 600 1653 600 1705"/></Shape>
	    <String CONTENT="à la remorque. On peut le constater nettement en Flan¬"
                    HPOS="600.0"
                    VPOS="1641.0"
                    WIDTH="2054.0"
                    HEIGHT="125.0"></String>
          </TextLine>
          <TextLine ID="eSc_line_c51eb6bb"
                    TAGREFS="LT76"
                    BASELINE="612 1815 2652 1844" 
                    HPOS="606.0"
                    VPOS="1754.0"
                    WIDTH="2043.0"
                    HEIGHT="122.0">
            <Shape><Polygon POINTS="609 1812 606 1832 766 1835 766 1838 841 1858 1047 1861 1143 1844 1241 1864 1375 1847 1630 1870 1738 1855 1833 1873 1938 1861 2135 1876 2234 1858 2338 1876 2396 1861 2643 1870 2649 1841 2643 1795 2527 1797 2446 1777 2434 1777 2414 1795 2097 1795 2086 1786 2065 1777 1946 1789 1920 1771 1909 1771 1845 1789 1688 1771 1682 1771 1653 1786 1500 1786 1476 1766 1407 1777 1389 1763 1381 1763 1233 1780 1195 1760 1053 1777 1006 1757 768 1771 678 1754 609 1768 609 1812"/></Shape>
	    <String CONTENT="dre où Bruges &lt;....&gt; d’abord, puis Gand ensuite ont sou¬"
                    HPOS="606.0"
                    VPOS="1754.0"
                    WIDTH="2043.0"
                    HEIGHT="122.0"></String>
          </TextLine>
          <TextLine ID="eSc_line_f07b0ee1"
                    TAGREFS="LT76"
                    BASELINE="612 1911 2634 1954" 
                    HPOS="606.0"
                    VPOS="1853.0"
                    WIDTH="2025.0"
                    HEIGHT="139.0">
            <Shape><Polygon POINTS="609 1908 606 1928 774 1957 780 1957 821 1937 911 1951 1012 1940 1149 1966 1256 1945 1546 1954 1566 1974 1877 1960 1955 1983 2118 1986 2144 1966 2361 1992 2628 1977 2631 1951 2628 1890 2498 1908 2388 1908 2344 1884 2228 1902 2097 1902 2054 1879 1688 1890 1595 1890 1569 1870 1456 1867 1418 1884 1378 1864 1360 1864 1285 1882 1265 1864 1265 1861 1221 1861 1038 1876 1021 1858 1018 1858 1018 1855 754 1870 737 1853 609 1853 609 1908"/></Shape>
	    <String CONTENT="mis plus d’une fois tout le pays à leur prépondérance et"
                    HPOS="606.0"
                    VPOS="1853.0"
                    WIDTH="2025.0"
                    HEIGHT="139.0"></String>
          </TextLine>
          <TextLine ID="eSc_line_2d92f176"
                    TAGREFS="LT77"
                    BASELINE="702 1967 750 1969" 
                    HPOS="699.0"
                    VPOS="1922.0"
                    WIDTH="49.0"
                    HEIGHT="76.0">
            <Shape><Polygon POINTS="699 1966 699 1995 745 1998 748 1966 745 1922 699 1925 699 1966"/></Shape>
	    <String CONTENT="l&#x27;"
                    HPOS="699.0"
                    VPOS="1922.0"
                    WIDTH="49.0"
                    HEIGHT="76.0"></String>
          </TextLine>
          <TextLine ID="eSc_line_882cd348"
                    TAGREFS="LT76"
                    BASELINE="603 2006 1894 2041 2596 2041" 
                    HPOS="597.0"
                    VPOS="1948.0"
                    WIDTH="1997.0"
                    HEIGHT="128.0">
            <Shape><Polygon POINTS="745 1969 716 1969 705 1948 600 1960 597 2029 890 2050 899 2050 922 2035 1059 2059 1149 2041 1157 2041 1212 2061 1418 2047 1442 2064 1616 2070 1740 2053 1764 2073 1912 2076 2591 2067 2594 2038 2594 2006 2472 2006 2437 1983 2312 2003 2254 1980 2135 1998 2112 1980 2100 1980 2065 1998 2036 1980 1929 1995 1897 1971 1755 1992 1384 1963 1378 1963 1337 1983 1265 1983 1250 1974 1198 1957 1189 1957 1128 1977 1059 1954 960 1954 937 1971 882 1951 873 1951 835 1971 751 1954 745 1969"/></Shape>
	    <String CONTENT="&lt;..&gt; ont obligé, bon gré mal gré, à &lt;......&gt; les suivre."
                    HPOS="597.0"
                    VPOS="1948.0"
                    WIDTH="1997.0"
                    HEIGHT="128.0"></String>
          </TextLine>
          <TextLine ID="eSc_line_684b4485"
                    TAGREFS="LT76"
                    BASELINE="594 2122 1079 2117 2640 2154" 
                    HPOS="589.0"
                    VPOS="2053.0"
                    WIDTH="2048.0"
                    HEIGHT="139.0">
            <Shape><Polygon POINTS="591 2119 589 2137 734 2157 847 2140 919 2160 995 2143 1024 2163 1169 2146 1198 2148 1320 2169 1450 2151 1616 2175 1830 2166 2057 2183 2121 2166 2359 2169 2359 2172 2388 2189 2512 2175 2591 2192 2634 2175 2637 2151 2637 2105 2605 2090 2240 2099 2199 2082 2193 2082 2071 2096 2051 2079 1923 2093 1732 2090 1711 2073 1633 2088 1590 2070 1421 2082 1320 2064 1314 2064 1282 2079 1154 2061 1076 2076 986 2059 945 2073 931 2059 919 2059 882 2073 705 2053 591 2064 591 2119"/></Shape>
	    <String CONTENT="Bref, si le régime populaire a donné partout aux villes"
                    HPOS="589.0"
                    VPOS="2053.0"
                    WIDTH="2048.0"
                    HEIGHT="139.0"></String>
          </TextLine>
          <TextLine ID="eSc_line_7b745c54"
                    TAGREFS="LT76"
                    BASELINE="591 2209 1822 2247 2634 2253" 
                    HPOS="586.0"
                    VPOS="2151.0"
                    WIDTH="2045.0"
                    HEIGHT="131.0">
            <Shape><Polygon POINTS="589 2206 586 2230 902 2235 945 2256 1137 2244 1273 2264 1389 2253 1410 2267 1711 2262 1888 2279 1891 2282 2628 2282 2631 2250 2631 2206 2039 2206 1981 2183 1891 2201 1813 2180 1546 2192 1447 2172 1439 2172 1413 2186 1030 2183 1001 2160 719 2166 661 2151 589 2163 589 2206"/></Shape>
	    <String CONTENT="des institutions analogues et des tendances de même"
                    HPOS="586.0"
                    VPOS="2151.0"
                    WIDTH="2045.0"
                    HEIGHT="131.0"
                    WC="0.9965801060199737"></String>
          </TextLine>
          <TextLine ID="eSc_line_21ad933e"
                    TAGREFS="LT76"
                    BASELINE="583 2308 1056 2317 1680 2346 2654 2354" 
                    HPOS="577.0"
                    VPOS="2259.0"
                    WIDTH="2075.0"
                    HEIGHT="130.0">
            <Shape><Polygon POINTS="580 2305 577 2331 766 2351 873 2340 890 2360 1015 2343 1061 2363 1125 2349 1221 2363 1288 2351 1302 2351 1320 2366 1334 2366 1352 2351 1471 2372 1598 2360 1619 2375 1897 2378 1944 2363 1970 2380 1981 2380 2028 2366 2106 2383 2329 2386 2350 2372 2370 2386 2382 2386 2434 2375 2646 2389 2652 2351 2649 2314 580 2259 580 2305"/></Shape>
	    <String CONTENT="nature, il les a en même temps mises dans l&#x27;inca¬"
                    HPOS="577.0"
                    VPOS="2259.0"
                    WIDTH="2075.0"
                    HEIGHT="130.0"></String>
          </TextLine>
          <TextLine ID="eSc_line_d25d586f"
                    TAGREFS="LT76"
                    BASELINE="594 2421 1291 2421 2663 2467" 
                    HPOS="589.0"
                    VPOS="2351.0"
                    WIDTH="2071.0"
                    HEIGHT="154.0">
            <Shape><Polygon POINTS="591 2418 589 2447 931 2441 1093 2465 1108 2462 1131 2450 1305 2450 1337 2465 1363 2473 1578 2459 2010 2491 2138 2479 2155 2494 2167 2494 2205 2476 2251 2494 2260 2494 2283 2482 2556 2505 2657 2485 2660 2465 2660 2421 2448 2398 2414 2412 2405 2412 2199 2395 2068 2404 1923 2383 1738 2395 1691 2378 1639 2389 1491 2372 977 2375 954 2357 943 2357 887 2372 826 2354 818 2354 768 2369 719 2351 591 2363 591 2418"/></Shape>
	    <String CONTENT="pacité d’unir leurs efforts, &lt;................................&gt;"
                    HPOS="589.0"
                    VPOS="2351.0"
                    WIDTH="2071.0"
                    HEIGHT="154.0"></String>
          </TextLine>
          <TextLine ID="eSc_line_a8ac5f92"
                    TAGREFS="LT76"
                    BASELINE="606 2511 2649 2560" 
                    HPOS="600.0"
                    VPOS="2453.0"
                    WIDTH="2046.0"
                    HEIGHT="133.0">
            <Shape><Polygon POINTS="600 2528 734 2549 844 2537 963 2554 1178 2546 1195 2560 1291 2549 1326 2563 1442 2552 1462 2566 1549 2554 1578 2569 2640 2586 2646 2557 2643 2502 2527 2514 2498 2499 2289 2508 2257 2494 1804 2496 1659 2479 1134 2479 1091 2465 629 2467 609 2453 600 2528"/></Shape>
	    <String CONTENT="&lt;.............................&gt; en isolant chacune d’elles dans le"
                    HPOS="600.0"
                    VPOS="2453.0"
                    WIDTH="2046.0"
                    HEIGHT="133.0"></String>
          </TextLine>
          <TextLine ID="eSc_line_3ebb161c"
                    TAGREFS="LT76"
                    BASELINE="603 2621 2031 2644" 
                    HPOS="597.0"
                    VPOS="2569.0"
                    WIDTH="1431.0"
                    HEIGHT="107.0">
            <Shape><Polygon POINTS="600 2618 597 2647 809 2644 850 2662 911 2650 1001 2665 1044 2647 1224 2668 1265 2650 1285 2668 1297 2668 1360 2653 1671 2676 1758 2659 1932 2676 2025 2659 2028 2641 2028 2598 1975 2583 1787 2595 1769 2581 1558 2592 1456 2575 1137 2586 1117 2569 600 2575 600 2618"/></Shape>
	    <String CONTENT="cercle étroit de ses intérêts particuliers."
                    HPOS="597.0"
                    VPOS="2569.0"
                    WIDTH="1431.0"
                    HEIGHT="107.0"></String>
          </TextLine>
          <TextLine ID="eSc_line_6bb95328"
                    TAGREFS="LT76"
                    BASELINE="673 2717 1099 2743 2648 2784" 
                    HPOS="667.0"
                    VPOS="2665.0"
                    WIDTH="1979.0"
                    HEIGHT="139.0">
            <Shape><Polygon POINTS="670 2714 667 2749 792 2746 1328 2784 1465 2769 1508 2789 1804 2798 1877 2781 1973 2804 2147 2789 2640 2801 2646 2784 2646 2723 2498 2720 2469 2737 2460 2726 2335 2731 2266 2711 2179 2731 2126 2717 2118 2717 2097 2728 2080 2711 2065 2711 2054 2723 2034 2708 2034 2705 1915 2723 1897 2708 1804 2714 1790 2697 1778 2697 1700 2717 1665 2699 1653 2699 1624 2714 1439 2711 1407 2691 1395 2691 1366 2705 1146 2685 943 2694 882 2670 745 2665 670 2676 670 2714"/></Shape>
	    <String CONTENT="Si développées qu’elles aient été d’ailleurs, les institu¬"
                    HPOS="667.0"
                    VPOS="2665.0"
                    WIDTH="1979.0"
                    HEIGHT="139.0"></String>
          </TextLine>
          <TextLine ID="eSc_line_88772bfb"
                    TAGREFS="LT77"
                    BASELINE="1407 2810 2498 2816" 
                    HPOS="1401.0"
                    VPOS="2760.0"
                    WIDTH="1094.0"
                    HEIGHT="93.0">
            <Shape><Polygon POINTS="2477 2781 2448 2781 2419 2778 2390 2778 2361 2778 2332 2775 2303 2775 2274 2775 2245 2775 2216 2772 2187 2772 2158 2772 2129 2772 2106 2769 2057 2769 2042 2769 2039 2766 1404 2760 1404 2807 1401 2839 1401 2842 1430 2842 1459 2842 1465 2842 1517 2836 1526 2844 1546 2844 1558 2844 1572 2836 1709 2836 1764 2836 1767 2836 1807 2850 1836 2850 1845 2850 1941 2839 1955 2839 1964 2839 2005 2853 2007 2853 2010 2853 2492 2850 2495 2815 2492 2781 2477 2781"/></Shape>
	    <String CONTENT="il importait de le répéter, n’ont atteint que"
                    HPOS="1401.0"
                    VPOS="2760.0"
                    WIDTH="1094.0"
                    HEIGHT="93.0"></String>
          </TextLine>
          <TextLine ID="eSc_line_fdfecce3"
                    TAGREFS="LT76"
                    BASELINE="600 2830 2649 2876" 
                    HPOS="594.0"
                    VPOS="2786.0"
                    WIDTH="2052.0"
                    HEIGHT="122.0">
            <Shape><Polygon POINTS="1613 2810 1584 2810 1555 2810 1526 2810 1497 2810 1468 2810 1439 2810 1410 2810 1407 2804 597 2786 597 2827 594 2853 974 2859 980 2862 1006 2876 1009 2876 1012 2876 1085 2865 1096 2865 1111 2868 1236 2891 1238 2891 1349 2876 1410 2894 1413 2894 1415 2894 1418 2894 1456 2876 1778 2902 1967 2905 1970 2905 1973 2905 1975 2905 1999 2888 2048 2908 2051 2908 2054 2908 2643 2900 2646 2873 2643 2833 1619 2810 1613 2810"/></Shape>
	    <String CONTENT="tions démocratiques &lt;........&gt; très rarement &lt;...&gt;"
                    HPOS="594.0"
                    VPOS="2786.0"
                    WIDTH="2052.0"
                    HEIGHT="122.0"></String>
          </TextLine>
          <TextLine ID="eSc_line_9edf2e93"
                    TAGREFS="LT76"
                    BASELINE="600 2937 1149 2934 1932 2969 2657 2978" 
                    HPOS="594.0"
                    VPOS="2868.0"
                    WIDTH="2060.0"
                    HEIGHT="142.0">
            <Shape><Polygon POINTS="597 2934 594 2955 829 2958 853 2975 1212 2966 1221 2969 1241 2984 1352 2987 1418 2972 1476 2989 1552 2975 1566 2975 1688 2992 1711 2978 2005 3001 2123 2987 2147 3004 2390 3010 2652 2998 2654 2975 2654 2934 2608 2920 2599 2920 2570 2934 2425 2934 2388 2905 2376 2905 2286 2929 2274 2929 2161 2911 1790 2917 1752 2900 1668 2914 1595 2888 1584 2888 1546 2911 1476 2891 1468 2891 1421 2908 1294 2902 1233 2879 934 2873 896 2894 847 2871 838 2871 766 2894 716 2868 638 2868 597 2888 597 2934"/></Shape>
	    <String CONTENT="&lt;.......&gt; le but auquel elles tendaient. C’est là seule¬"
                    HPOS="594.0"
                    VPOS="2868.0"
                    WIDTH="2060.0"
                    HEIGHT="142.0"></String>
          </TextLine>
          <TextLine ID="eSc_line_ec8a8477"
                    TAGREFS="LT76"
                    BASELINE="597 3024 2263 3059 2654 3079" 
                    HPOS="591.0"
                    VPOS="2972.0"
                    WIDTH="2061.0"
                    HEIGHT="136.0">
            <Shape><Polygon POINTS="594 3021 591 3042 1117 3074 1125 3074 1140 3062 1160 3076 1172 3076 1218 3065 1247 3079 1601 3068 1630 3088 1743 3074 1877 3094 2121 3079 2646 3108 2652 3076 2652 3030 2541 3030 2524 3010 2347 3021 2327 3004 2315 3004 2266 3021 2048 2998 1967 3013 1915 2995 1798 3010 1764 2995 1627 3007 1595 2987 1384 3001 1279 3001 1236 2978 1044 2992 977 2972 748 2972 725 2987 594 2975 594 3021"/></Shape>
	    <String CONTENT="ment où &lt;.....&gt; la population presque tout entière appar¬"
                    HPOS="591.0"
                    VPOS="2972.0"
                    WIDTH="2061.0"
                    HEIGHT="136.0"></String>
          </TextLine>
          <TextLine ID="eSc_line_4af2a9be"
                    TAGREFS="LT76"
                    BASELINE="610 3120 760 3120 1517 3149 2623 3161" 
                    HPOS="606.0"
                    VPOS="3071.0"
                    WIDTH="2014.0"
                    HEIGHT="136.0">
            <Shape><Polygon POINTS="609 3117 606 3152 678 3143 829 3169 879 3161 928 3149 980 3175 1091 3155 1160 3169 1323 3158 1395 3184 1627 3172 1709 3190 1775 3172 1804 3192 1819 3192 1839 3172 1961 3172 2063 3198 2065 3201 2126 3201 2126 3198 2132 3198 2164 3175 2341 3204 2344 3207 2417 3207 2417 3204 2422 3204 2457 3181 2614 3181 2620 3161 2617 3105 2509 3120 2466 3105 2344 3117 2318 3100 2205 3114 1938 3091 1877 3091 1685 3103 1651 3085 1514 3100 1491 3082 1305 3094 1285 3082 1285 3079 1268 3079 1233 3094 609 3071 609 3117"/></Shape>
	    <String CONTENT="tenait, comme à Liège, à  la petite bourgeoisie, que le"
                    HPOS="606.0"
                    VPOS="3071.0"
                    WIDTH="2014.0"
                    HEIGHT="136.0"></String>
          </TextLine>
          <TextLine ID="eSc_line_3f75d1dc"
                    TAGREFS="LT76"
                    BASELINE="609 3216 2663 3262" 
                    HPOS="603.0"
                    VPOS="3175.0"
                    WIDTH="2057.0"
                    HEIGHT="116.0">
            <Shape><Polygon POINTS="606 3213 603 3236 722 3253 725 3253 957 3248 960 3248 963 3248 986 3262 989 3262 992 3262 995 3262 1221 3253 1244 3253 1273 3253 1503 3274 1505 3274 1714 3265 1758 3265 1764 3268 1796 3279 1798 3279 1801 3279 1848 3268 1859 3268 1999 3268 2002 3274 2016 3285 2019 3285 2022 3285 2025 3285 2100 3277 2118 3274 2126 3277 2152 3288 2155 3288 2158 3291 2657 3291 2660 3259 2660 3219 606 3175 606 3213"/></Shape>
	    <String CONTENT="nouvel état de choses a pu &lt;................&gt; le se réa¬"
                    HPOS="603.0"
                    VPOS="3175.0"
                    WIDTH="2057.0"
                    HEIGHT="116.0"></String>
          </TextLine>
          <TextLine ID="eSc_line_f06ead98"
                    TAGREFS="LT76"
                    BASELINE="647 3311 1468 3317 2685 3360" 
                    HPOS="644.0"
                    VPOS="3256.0"
                    WIDTH="2039.0"
                    HEIGHT="142.0">
            <Shape><Polygon POINTS="644 3308 644 3349 1053 3340 1093 3358 1102 3361 1105 3361 1108 3361 1178 3358 1363 3352 1386 3364 1404 3369 1407 3369 1410 3369 1479 3364 1520 3361 1575 3366 1706 3378 1709 3378 1767 3369 1796 3364 1801 3369 1819 3381 1822 3381 1825 3381 1828 3381 1935 3369 1984 3366 2013 3372 2054 3381 2057 3381 2277 3375 2356 3375 2373 3378 2466 3398 2469 3398 2681 3381 2683 3358 2681 3308 644 3256 644 3308"/></Shape>
	    <String CONTENT="liser avec toutes ses conséquences. Mais dans les grands"
                    HPOS="644.0"
                    VPOS="3256.0"
                    WIDTH="2039.0"
                    HEIGHT="142.0"></String>
          </TextLine>
        </TextBlock>
      </PrintSpace>
    </Page>
  </Layout>
</alto>
