2713 3470
2461.0 2.0 153.0 84.0 229

685.0 26.0 197.0 78.0 ruine

523.0 63.0 2123.0 116.0 la <.....> du régime municipal ne se manifestè¬

514.0 173.0 2126.0 95.0 rent à Liège que très lentement que ce régime put

526.0 245.0 2048.0 78.0 <............> y atteindre un âge exceptionnellement

514.0 292.0 2129.0 92.0 <.................................................>

564.0 338.0 344.0 72.0 avancé

520.0 390.0 593.0 66.0 <..............>. ¬

546 474 2167 139 Après son annexion aux États bourguignons sous <....> le règne

520.0 575.0 2117.0 104.0 de Charles le Téméraire, la principauté liégeoise avait

517.0 679.0 2161.0 98.0 repris son indépendance, <....................>

523.0 766.0 2137.0 104.0 <.......................................>

511.0 853.0 2152.0 104.0 <..> et avec elle ses institutions traditionnelles. Suivant les

526.0 936.0 2117.0 128.0 stipulations de la paix de Fexhe (1316) le gouvernement

509.0 1026.0 2154.0 130.0 était partagé entre l’évêque et le « sens du pays » c’est à dire

514.0 1130.0 2149.0 136.0 les États. En fait, il l’était entre l’évêque et la « cité » de Liège.

520.0 1234.0 2109.0 113.0 Ni le clergé, représenté par le seul chapitre cathédral, ni

529.0 1330.0 2108.0 121.0 la noblesse, peu nombreuse et surtout peu opulente, ne

511.0 1434.0 2138.0 107.0 pouvaient contrebalancer aux assemblées nationales

517.0 1512.0 2155.0 144.0 l'action du Tiers-État. Or <......................>

514.0 1622.0 2161.0 133.0 <...............................................>

520.0 1740.0 2120.0 113.0 <......> celui-ci était entièrement dominé par la

520.0 1836.0 2146.0 130.0 capitale. Le développement des charbonnages depuis le XIVe

517.0 1925.0 2094.0 154.0 siècle, puis, dès le début de la Renaissance, celui de la

511.0 2035.0 2138.0 145.0 métallurgie et de la fabrication des armes avait fait

526.0 2136.0 2126.0 159.0 de Liège un des centres industriels les plus actifs des Pays¬

514.0 2241.0 2129.0 150.0 Bas, tandis que les « bonnes villes » avaient perdu peu

532.0 2350.0 2140.0 148.0 à peu, à la fin du Moyen Âge, leur <........> prospérité éco¬

517.0 2449.0 2167.0 136.0 nomique. Il en était résulté une situation analogue

529.0 2538.0 2155.0 162.0 à celle que l’on rencontre dans plusieurs contrées de l’Alle¬

511.0 2634.0 2149.0 150.0 magne. Seule en face de l’évêque, Liège avait entamé

520.0 2741.0 2152.0 141.0 avec lui un duel politique dont <.........> l’issue de¬

517.0 2836.0 2117.0 133.0 vait décider de la suprématie exclusive de l’un des

529.0 2937.0 2126.0 131.0 deux adversaires sur son rival. La cité prétendait se

535.0 3018.0 2094.0 171.0 transformer en « ville  libre », c’est à dire en république

2484.0 3151.0 64.0 73.0 l'

523.0 3131.0 2146.0 136.0 municipale et secouer la souveraineté du prince. On ob¬

529.0 3221.0 2126.0 130.0 serve, dès la seconde moitié du XVe siècle, ses premiers

517.0 3328.0 735.0 115.0 efforts en ce sens. ¬
