2713 3490
2503.0 14.0 157.0 108.0 218

544.0 72.0 2113.0 105.0 Parti de la contrée industrielle de Hondschoote et d’Armentiè¬

541.0 197.0 2084.0 88.0 res, le mouvement se propage de ville en ville jusqu’aux extré¬

529.0 276.0 2087.0 107.0 mités des Pays-Bas. <.......................> Le peuple croit le

523.0 380.0 2134.0 91.0 moment venu de détruire l’« idolâtrie romaine ». Ses bandes for¬

523.0 476.0 2137.0 99.0 cent les églises, y brisent les statues, y lacèrent les tableaux et

518.0 564.0 2133.0 102.0 <.....> mêlés à leurs rangs, des pillards <............>

523.0 654.0 2131.0 107.0 <..............> s’emparent avidement du riche bu¬

532.0 764.0 1782.0 85.0 tin que le fanatisme religieux met à leur merci. ¬

620.0 834.0 2049.0 99.0 Philippe II s’empressa lui aussi de profiter de l’occasion. Depuis

526.0 924.0 2137.0 117.0 son avènement il n’avait cessé de capituler devant l’oppo¬

532.0 1015.0 2131.0 119.0 sition politique conduite par Egmont et par Orange. L'outrage

526.0 1113.0 2117.0 117.0 fait à l’Église lui permettait enfin de prendre sa revanche.

532.0 1189.0 2082.0 122.0 Dès l’été de 1567, le duc d’Albe revêtu de pouvoirs illimités

529.0 1288.0 2093.0 125.0 et suivi d’une armée d’élite vient remplacer à Bruxelles

526.0 1378.0 2169.0 140.0 la gouvernante Marguerite de Parme. Il n’a pas seulement

535.0 1489.0 2143.0 125.0 pour mission de <.....> punir les iconoclastes ; le roi l’a char¬

541.0 1576.0 2122.0 137.0 gé d’extirper l’hérésie et d’imposer aux Pays-Bas l’absolu¬

529.0 1681.0 2149.0 136.0 tisme dans toute sa rigueur. La vieille constitution des

547.0 1765.0 2064.0 154.0 provinces, respectée par Charles Quint, <..> est <............>

544.0 1872.0 2119.0 152.0 foulée aux pieds. Le duc gouverne seul, sans consulter le con¬

535.0 1957.0 2125.0 174.0 seil d’État, sans convoquer les États-Généraux. Quant aux

553.0 2064.0 2125.0 155.0 grandes villes, ce qui leur reste encore de privilèges et d’auto¬

538.0 2152.0 2119.0 174.0 nomie <.............> est balayé par l’arbitraire. Le régime

532.0 2265.0 2134.0 151.0 imposé à Gand <...> en 1540 devient celui de toutes les grandes

532.0 2379.0 2116.0 122.0 communes. Des citadelles sont construites à Anvers, à Valen¬

547.0 2454.0 2139.0 148.0 ciennes, à Maestricht. Dès  Albe croit son œuvre accom¬

547.0 2553.0 2125.0 148.0 plie. Il a repoussé victorieusement <.........> l’armée de

547.0 2643.0 2087.0 160.0 Guillaume d’Orange, décapité les principaux seigneurs de

538.0 2739.0 2140.0 169.0 l’opposition, fait exécuter par le feu, le glaive, la corde des

550.0 2838.0 2128.0 154.0 centaines d’iconoclastes, de calvinistes, de suspects. L'o¬

564.0 2951.0 2134.0 134.0 béissance est partout rétablie par la terreur. Il écrit au

550.0 3039.0 2119.0 125.0 roi qu’un simple corrégidor suffirait maintenant

567.0 3138.0 1025.0 96.0 pour administrer le pays. ¬

608.0 3216.0 2078.0 125.0 Mais sa tyrannie a exaspéré la nation entière. Le régime

555.0 3321.0 2111.0 113.0 espagnol <............................> n'est guère moins

858.0 3402.0 914.0 82.0 sous lequel il l’a courbée
