2713 3438
2443.0 25.0 149.0 89.0 148

633.0 63.0 1945.0 94.0 le sort des ouvriers industriels. <......> Il leur im¬

633.0 163.0 1942.0 103.0 portait peu d’avoir conquis des droits politiques, de

630.0 249.0 1999.0 103.0 pouvoir élire eux-mêmes les chefs de leurs corporations,

639.0 332.0 1973.0 112.0 d’être soumis à une législation plus douce, puisqu’ils

622.0 429.0 2039.0 109.0 <.........> demeuraient réduits comme auparavant

628.0 521.0 2021.0 109.0 à travailler perpétuellement pour des donneurs d’ou¬

625.0 613.0 1984.0 106.0 vrages. Plus grandes avaient été leurs illusions, plus

633.0 704.0 2008.0 98.0 amère leur apparaissait la réalité. Incapables de se

1393.0 785.0 181.0 54.0 de la

636.0 807.0 1999.0 101.0 rendre compte <..........> complexité des questions écono¬

636.0 925.0 1956.0 83.0 miques et de comprendre que la nature <..........> du

2107.0 991.0 336.0 60.0 capitaliste

648.0 1011.0 1978.0 89.0 grand commerce et de l’industrie <..........>

639.0 1094.0 2016.0 89.0 <..........................> les condamnait <..........>

653.0 1186.0 1928.0 86.0 <...> fatalement <.......................> à l'insécurité  à l’

648.0 1274.0 1990.0 84.0 du salariat et à la misère des crises et des chômages,

653.0 1363.0 1959.0 101.0 ils se crurent victimes des grands entrepreneurs, des

645.0 1449.0 1990.0 112.0 marchands drapiers, de cette classe de « bonnes gens »

659.0 1552.0 1982.0 109.0 (poorters) qui, pour avoir perdu l’hégémonie politique

656.0 1644.0 1996.0 100.0 n’en <..................> continuait pas moins à les

659.0 1724.0 2013.0 112.0 faire travailler pour elle et à vendre les produits de leur

665.0 1813.0 1964.0 118.0 labeur. Aussi, quelques années à peine se sont-elles

679.0 1908.0 1953.0 120.0 écoulées depuis la bataille de Courtrai, les haines se

676.0 2008.0 1968.0 126.0 déchainent aussi terribles, parmi les métiers de la

679.0 2108.0 1982.0 123.0 draperie, qu’à l’époque où les patriciens tenaient

685.0 2203.0 1987.0 140.0 les artisans sous le joug. A Ypres, les riches craignent

688.0 2323.0 1944.0 112.0 d’être massacrés par le « commun » des faubourgs

691.0 2415.0 1961.0 117.0 et supplient le roi de France de faire surseoir à la

688.0 2506.0 1964.0 144.0 démolition des murailles qui entourent la vieille

694.0 2607.0 1975.0 149.0 ville où ils résident. A Bruges, à Ardenbourg, écla¬

685.0 2716.0 1976.0 146.0 tent de sanglantes émeutes. A Gand, en 1311 et

694.0 2833.0 1955.0 129.0 en 1319, les tisserands se soulèvent et la sinistre

688.0 2933.0 1973.0 123.0 série des bannissements et des exécutions recom¬

691.0 3034.0 1961.0 114.0 mence. Il en devait aller de même dans la suite.

702.0 3142.0 1927.0 104.0 On peut dire que durant <......> le XIVe siècle, les ou¬

711.0 3225.0 1921.0 118.0 vriers de la laine ont vécu dans un état de mécon¬
