<?xml version='1.0' encoding='UTF-8'?>
<alto xmlns="http://www.loc.gov/standards/alto/ns-v4#" xmlns:xsi="http://www.w3.org/2001/XMLSchema-instance" xsi:schemaLocation="http://www.loc.gov/standards/alto/ns-v4# http://www.loc.gov/standards/alto/v4/alto-4-2.xsd">
  <Description>
    <MeasurementUnit>pixel</MeasurementUnit>
    <sourceImageInformation>
      <fileName>ARCH-DIV-000494_0134.png</fileName>
    </sourceImageInformation>
  </Description>
  <Tags>
    <OtherTag ID="BT1" LABEL="Title" DESCRIPTION="block type Title" /><OtherTag ID="BT2" LABEL="Main" DESCRIPTION="block type Main" /><OtherTag ID="BT3" LABEL="Commentary" DESCRIPTION="block type Commentary" /><OtherTag ID="BT4" LABEL="Illustration" DESCRIPTION="block type Illustration" /><OtherTag ID="BT130" LABEL="TitlePageZone" DESCRIPTION="block type TitlePageZone" /><OtherTag ID="BT131" LABEL="MarginTextZone" DESCRIPTION="block type MarginTextZone" /><OtherTag ID="BT132" LABEL="MainZone" DESCRIPTION="block type MainZone" /><OtherTag ID="BT133" LABEL="CustomZone:numbering" DESCRIPTION="block type CustomZone:numbering" /><OtherTag ID="BT134" LABEL="NumberingZone" DESCRIPTION="block type NumberingZone" /><OtherTag ID="BT136" LABEL="MarginTextZone:lower" DESCRIPTION="block type MarginTextZone:lower" />
    <OtherTag ID="LT75" LABEL="HeadingLine" DESCRIPTION="line type HeadingLine" /><OtherTag ID="LT76" LABEL="DefaultLine" DESCRIPTION="line type DefaultLine" /><OtherTag ID="LT77" LABEL="InterlinearLine:correction" DESCRIPTION="line type InterlinearLine:correction" /><OtherTag ID="LT78" LABEL="InterlinearLine:addition" DESCRIPTION="line type InterlinearLine:addition" />
  </Tags>
  <Layout>
    <Page WIDTH="2713" HEIGHT="3458" PHYSICAL_IMG_NR="129" ID="eSc_dummypage_">
      <PrintSpace HPOS="0" VPOS="0" WIDTH="2713" HEIGHT="3458">
        <TextBlock HPOS="2498.0" VPOS="7.0" WIDTH="138.0" HEIGHT="117.0" ID="31c01dbb-bcd9-487b-a1d6-a8044d21327f" TAGREFS="BT134">
          <Shape><Polygon POINTS="2636 7 2636 124 2498 124 2498 7" /></Shape>
          <TextLine ID="eSc_line_8fc08614" TAGREFS="LT76" BASELINE="2510 93 2617 92" HPOS="2505.0" VPOS="5.0" WIDTH="109.0" HEIGHT="127.0">
            <Shape><Polygon POINTS="2508 129 2537 129 2565 132 2594 132 2609 132 2614 89 2606 5 2505 17 2508 92" /></Shape>
	    <String CONTENT="126" HPOS="2505.0" VPOS="5.0" WIDTH="109.0" HEIGHT="127.0" />
          </TextLine>
        </TextBlock>
        <TextBlock HPOS="545.0" VPOS="20.0" WIDTH="2156.0" HEIGHT="3432.0" ID="cb582e04-cd08-4862-b7a2-ee6fce58bf6a" TAGREFS="BT132">
          <Shape><Polygon POINTS="2496 133 2701 146 2701 3452 545 3452 545 20 2494 36" /></Shape>
          <TextLine ID="eSc_line_ff735f3b" TAGREFS="LT76" BASELINE="588 109 2491 93" HPOS="582.0" VPOS="37.0" WIDTH="1906.0" HEIGHT="112.0">
            <Shape><Polygon POINTS="585 106 585 132 642 149 651 149 683 132 962 129 1231 144 1415 126 1464 141 1775 123 1960 141 2485 129 2488 92 2482 51 2107 37 2021 54 1830 40 1822 40 1804 54 1695 43 1663 51 1646 60 1470 60 1450 43 1248 46 1228 60 1135 46 1075 60 994 46 957 63 913 48 582 54 585 106" /></Shape>
	    <String CONTENT="ajoutaient d’autres encore et de bien plus grands." HPOS="582.0" VPOS="37.0" WIDTH="1906.0" HEIGHT="112.0" />
          </TextLine>
          <TextLine ID="eSc_line_9ea515b4" TAGREFS="LT76" BASELINE="573 198 2638 178" HPOS="567.0" VPOS="138.0" WIDTH="2068.0" HEIGHT="78.0">
            <Shape><Polygon POINTS="2614 141 2589 138 567 152 570 195 570 216 2632 216 2635 175 2626 141 2614 141" /></Shape>
	    <String CONTENT="N'était-ce point l’échevinage, c’est-à-dire un pouvoir" HPOS="567.0" VPOS="138.0" WIDTH="2068.0" HEIGHT="78.0" />
          </TextLine>
          <TextLine ID="eSc_line_1c74efb1" TAGREFS="LT76" BASELINE="588 296 1352 273 2591 262" HPOS="582.0" VPOS="207.0" WIDTH="2007.0" HEIGHT="121.0">
            <Shape><Polygon POINTS="585 293 585 328 746 311 928 325 965 325 1060 302 1447 299 1496 311 1536 316 1591 296 1911 311 1931 293 1969 308 2096 293 2309 305 2346 288 2430 302 2462 285 2522 299 2525 302 2525 299 2589 282 2589 259 2583 219 2194 207 2185 207 2162 224 2035 224 2015 210 2000 210 1983 227 1839 227 1799 213 1787 213 1770 227 1551 219 1504 233 1458 219 1450 219 1418 233 1401 219 1392 219 1245 236 1150 221 1130 239 965 224 769 244 654 230 582 247 585 293" /></Shape>
	    <String CONTENT="&lt;.........................&gt; inféodé à quelques familles de" HPOS="582.0" VPOS="207.0" WIDTH="2007.0" HEIGHT="121.0" />
          </TextLine>
          <TextLine ID="eSc_line_5e234ea6" TAGREFS="LT76" BASELINE="593 389 1303 365 2643 354" HPOS="588.0" VPOS="296.0" WIDTH="2052.0" HEIGHT="127.0">
            <Shape><Polygon POINTS="591 386 591 423 1274 391 1404 412 1504 391 1600 409 1628 386 1654 406 1804 386 1853 400 1862 400 1905 383 2162 391 2271 377 2635 394 2640 351 2635 314 2545 296 2453 316 2292 316 2266 299 2251 299 2231 316 1974 305 1891 319 1859 305 1853 305 1683 322 1574 311 1530 319 1504 328 588 328 591 386" /></Shape>
	    <String CONTENT="grands marchands, qui réglait souverainement leur" HPOS="588.0" VPOS="296.0" WIDTH="2052.0" HEIGHT="127.0" />
          </TextLine>
          <TextLine ID="eSc_line_e9bddd96" TAGREFS="LT77" BASELINE="1809 407 1985 402 2080 409 2088 409" HPOS="1804.0" VPOS="365.0" WIDTH="283.0" HEIGHT="70.0">
            <Shape><Polygon POINTS="1807 406 1807 435 2084 429 2087 406 2081 365 1804 365 1807 406" /></Shape>
	    <String CONTENT="nombre" HPOS="1804.0" VPOS="365.0" WIDTH="283.0" HEIGHT="70.0" />
          </TextLine>
          <TextLine ID="eSc_line_8c714ecd" TAGREFS="LT76" BASELINE="596 487 1006 466 1709 455 2563 455" HPOS="591.0" VPOS="397.0" WIDTH="1969.0" HEIGHT="118.0">
            <Shape><Polygon POINTS="2061 406 2032 406 2026 403 2003 414 1983 414 1735 403 1626 417 1574 403 1565 403 1522 417 1381 406 1176 423 1124 409 591 432 593 515 919 510 1084 487 1147 510 1257 510 1257 507 1271 504 1381 484 1525 504 1626 481 1721 481 1761 501 1871 478 2214 478 2234 487 2243 495 2254 495 2312 478 2427 492 2557 481 2560 452 2557 409 2401 397 2280 412 2260 412 2217 397 2098 412 2064 397 2061 406" /></Shape>
	    <String CONTENT="salaire ? Ne voyaient-ils point &lt;.......&gt; de patron¬" HPOS="591.0" VPOS="397.0" WIDTH="1969.0" HEIGHT="118.0" />
          </TextLine>
          <TextLine ID="eSc_line_5a79b3f2" TAGREFS="LT76" BASELINE="582 590 1404 561 2632 547" HPOS="576.0" VPOS="495.0" WIDTH="2053.0" HEIGHT="115.0">
            <Shape><Polygon POINTS="579 587 579 602 1014 610 1190 590 2214 590 2214 587 2251 573 2375 584 2418 567 2479 582 2626 564 2629 544 2620 495 2271 510 2222 495 2214 495 2156 512 2133 495 2124 495 1917 518 1643 504 1614 524 1588 507 1484 507 873 538 743 521 680 541 576 530 579 587" /></Shape>
	    <String CONTENT="entrepreneurs, assurés de l’impunité puisqu’ils sié¬" HPOS="576.0" VPOS="495.0" WIDTH="2053.0" HEIGHT="115.0" />
          </TextLine>
          <TextLine ID="eSc_line_ad61ab5a" TAGREFS="LT76" BASELINE="599 688 2263 648 2522 647 2684 696" HPOS="593.0" VPOS="599.0" WIDTH="2088.0" HEIGHT="132.0">
            <Shape><Polygon POINTS="596 685 596 731 766 708 836 729 850 729 934 697 1046 711 1089 694 1216 703 1352 685 1381 703 1395 703 1418 685 1458 700 1721 677 1885 677 1925 700 1937 700 1957 682 2245 685 2271 668 2329 668 2369 697 2661 691 2681 694 2678 608 2090 599 2081 599 2058 613 1914 602 1833 622 1712 605 1692 619 1611 608 1378 631 1187 616 1112 631 1043 619 1020 631 1003 636 887 625 859 645 810 625 801 625 743 645 593 636 596 685" /></Shape>
	    <String CONTENT="geaient eux-mêmes au tribunal urbain ou y voyaient" HPOS="593.0" VPOS="599.0" WIDTH="2088.0" HEIGHT="132.0" />
          </TextLine>
          <TextLine ID="eSc_line_c0975e23" TAGREFS="LT76" BASELINE="582 789 1568 757 2603 746" HPOS="576.0" VPOS="688.0" WIDTH="2024.0" HEIGHT="121.0">
            <Shape><Polygon POINTS="579 786 579 809 2597 769 2600 743 2597 703 2557 688 2554 688 2551 688 2173 708 2087 694 2084 694 2081 694 2078 694 2052 711 1799 700 1796 700 1793 700 1735 717 1663 703 1660 703 1657 703 1654 703 1634 717 1251 711 1248 711 1245 711 1184 729 1135 714 1133 714 1130 714 1127 714 1124 714 1095 731 1089 731 1000 717 997 717 576 740 579 786" /></Shape>
	    <String CONTENT="siéger leurs parents, abuser scandaleusement de" HPOS="576.0" VPOS="688.0" WIDTH="2024.0" HEIGHT="121.0" />
          </TextLine>
          <TextLine ID="eSc_line_6ad016e6" TAGREFS="LT76" BASELINE="596 887 2649 835" HPOS="591.0" VPOS="786.0" WIDTH="2055.0" HEIGHT="127.0">
            <Shape><Polygon POINTS="593 884 593 913 2646 861 2646 832 2638 786 591 841 593 884" /></Shape>
	    <String CONTENT="leur situation pour exploiter les ouvriers, soit en" HPOS="591.0" VPOS="786.0" WIDTH="2055.0" HEIGHT="127.0" />
          </TextLine>
          <TextLine ID="eSc_line_7238986f" TAGREFS="LT76" BASELINE="591 988 2580 942" HPOS="585.0" VPOS="901.0" WIDTH="1992.0" HEIGHT="127.0">
            <Shape><Polygon POINTS="588 1008 709 1028 712 1028 902 1022 905 1022 971 1002 1078 1020 1081 1020 1210 997 1329 1014 1331 1014 1334 1014 1389 994 1548 1005 1551 1005 1553 1005 1556 1005 1585 988 1825 1002 1827 1002 1830 1002 1899 985 2026 997 2029 997 2032 997 2078 979 2113 991 2116 991 2119 991 2121 991 2124 991 2142 974 2369 971 2421 988 2424 988 2427 988 2577 962 2577 939 2568 901 585 939 588 985" /></Shape>
	    <String CONTENT="ne payant pas ce qu'ils leur devaient, soit en les" HPOS="585.0" VPOS="901.0" WIDTH="1992.0" HEIGHT="127.0" />
          </TextLine>
          <TextLine ID="eSc_line_added2c8" TAGREFS="LT76" BASELINE="593 1086 2649 1054" HPOS="588.0" VPOS="999.0" WIDTH="2058.0" HEIGHT="119.0">
            <Shape><Polygon POINTS="591 1083 591 1103 844 1118 1069 1100 1150 1115 1231 1095 1248 1095 1334 1112 1551 1089 1640 1106 1649 1106 1666 1089 1897 1103 2096 1080 2222 1097 2326 1077 2433 1095 2479 1077 2646 1077 2646 1051 2640 1014 2283 999 2228 1017 2214 1017 2162 1002 1894 1022 1825 1008 1790 1020 1773 1022 1519 1011 1479 1028 1430 1014 1147 1034 1072 1022 1040 1020 1014 1022 957 1037 588 1028 591 1083" /></Shape>
	    <String CONTENT="trompant sur la qualité et la quantité de la ma¬" HPOS="588.0" VPOS="999.0" WIDTH="2058.0" HEIGHT="119.0" />
          </TextLine>
          <TextLine ID="eSc_line_a4149fa5" TAGREFS="LT76" BASELINE="596 1187 2617 1158" HPOS="591.0" VPOS="1100.0" WIDTH="2023.0" HEIGHT="130.0">
            <Shape><Polygon POINTS="593 1184 593 1218 691 1204 755 1230 755 1227 795 1213 844 1224 856 1224 856 1221 879 1204 954 1213 1014 1198 1138 1221 1326 1218 1340 1204 1366 1213 1401 1218 1461 1193 1513 1210 1530 1210 1608 1190 1738 1213 1822 1187 1997 1187 2153 1207 2208 1181 2367 1184 2392 1204 2404 1204 2482 1184 2612 1193 2614 1155 2606 1100 2404 1120 2332 1120 2306 1100 2294 1100 2240 1118 2058 1103 2000 1123 1810 1106 1755 1126 1643 1112 1597 1129 1528 1112 1441 1129 1340 1115 1306 1132 1092 1118 1072 1138 980 1138 882 1120 795 1141 784 1141 660 1123 591 1144 593 1184" /></Shape>
	    <String CONTENT="tière première qu’ils leur confiaient ? Que l'on ajoute" HPOS="591.0" VPOS="1100.0" WIDTH="2023.0" HEIGHT="130.0" />
          </TextLine>
          <TextLine ID="eSc_line_2142d430" TAGREFS="LT76" BASELINE="602 1293 980 1276 2617 1247" HPOS="596.0" VPOS="1198.0" WIDTH="2018.0" HEIGHT="121.0">
            <Shape><Polygon POINTS="599 1290 599 1319 2612 1270 2614 1244 2606 1198 2194 1213 2173 1207 2153 1198 2150 1198 2147 1198 2047 1210 1957 1218 1923 1213 1876 1201 1874 1201 1871 1201 1868 1201 1853 1213 1845 1221 1646 1224 1597 1218 1507 1207 1504 1207 1311 1224 1242 1230 1199 1227 1058 1216 1055 1216 1052 1216 1017 1230 1006 1236 980 1233 899 1218 896 1218 893 1218 853 1236 847 1236 838 1236 772 1221 769 1221 766 1221 764 1221 764 1224 746 1236 740 1241 596 1241 599 1290" /></Shape>
	    <String CONTENT="à cela l’interdiction faite aux travailleurs manuels" HPOS="596.0" VPOS="1198.0" WIDTH="2018.0" HEIGHT="121.0" WC="0.9897770847265537" />
          </TextLine>
          <TextLine ID="eSc_line_c4e04597" TAGREFS="LT76" BASELINE="602 1394 2612 1354" HPOS="596.0" VPOS="1296.0" WIDTH="2013.0" HEIGHT="127.0">
            <Shape><Polygon POINTS="599 1391 599 1409 738 1423 1035 1417 1058 1403 1314 1412 1453 1394 1484 1394 1574 1406 1608 1391 1891 1400 1940 1386 1963 1386 2029 1397 2609 1374 2609 1351 2603 1314 2491 1296 2485 1296 2450 1314 2361 1299 2245 1316 2199 1302 2191 1302 2130 1319 2038 1305 1992 1322 1914 1308 1804 1325 1750 1311 1603 1314 1582 1331 1453 1316 1409 1334 1210 1322 1098 1339 1029 1325 977 1342 665 1337 596 1351 599 1391" /></Shape>
	    <String CONTENT="d’entrer dans la gilde et de vendre du drap, la sur¬" HPOS="596.0" VPOS="1296.0" WIDTH="2013.0" HEIGHT="127.0" />
          </TextLine>
          <TextLine ID="eSc_line_a2d94549" TAGREFS="LT76" BASELINE="602 1489 2626 1452" HPOS="596.0" VPOS="1397.0" WIDTH="2027.0" HEIGHT="115.0">
            <Shape><Polygon POINTS="599 1486 599 1507 1216 1512 1219 1512 1381 1492 2606 1486 2609 1486 2612 1486 2612 1484 2623 1469 2623 1449 2614 1397 1997 1420 1937 1414 1871 1406 1868 1406 1804 1417 1770 1423 1744 1420 1695 1409 1692 1409 1689 1409 1686 1409 1686 1412 1675 1420 1669 1426 1600 1423 1458 1414 1455 1414 1378 1429 1355 1432 1329 1429 1222 1417 1219 1417 1216 1417 1179 1435 1176 1437 908 1440 896 1440 628 1429 625 1429 622 1429 619 1429 596 1440 599 1486" /></Shape>
	    <String CONTENT="veillance sur les métiers de la laine confiée aux seuls" HPOS="596.0" VPOS="1397.0" WIDTH="2027.0" HEIGHT="115.0" WC="0.9891429836099798" />
          </TextLine>
          <TextLine ID="eSc_line_a2cdbae3" TAGREFS="LT76" BASELINE="591 1587 1381 1567 2617 1558" HPOS="585.0" VPOS="1501.0" WIDTH="2029.0" HEIGHT="109.0">
            <Shape><Polygon POINTS="588 1584 588 1605 1153 1596 1248 1610 1406 1593 1735 1605 1804 1587 2243 1596 2378 1596 2508 1579 2612 1590 2614 1556 2609 1518 2462 1501 2404 1518 2245 1504 2214 1521 2176 1521 1980 1507 1888 1524 1747 1509 1747 1512 1729 1527 1519 1512 1490 1530 1280 1515 1055 1518 1006 1535 870 1521 789 1538 585 1533 588 1584" /></Shape>
	    <String CONTENT="marchands, la rigueur particulière des bans mu¬" HPOS="585.0" VPOS="1501.0" WIDTH="2029.0" HEIGHT="109.0" />
          </TextLine>
          <TextLine ID="eSc_line_7ea53872" TAGREFS="LT76" BASELINE="602 1685 2623 1651" HPOS="596.0" VPOS="1593.0" WIDTH="2024.0" HEIGHT="127.0">
            <Shape><Polygon POINTS="599 1682 602 1720 634 1705 769 1720 838 1703 934 1717 1274 1691 2620 1677 2620 1648 2609 1593 2565 1610 2479 1593 2410 1613 2283 1596 2251 1616 2110 1599 2052 1619 2012 1602 1980 1607 1923 1622 1770 1605 1721 1625 1692 1613 1666 1607 1571 1628 1487 1610 1421 1631 1265 1619 1225 1633 1147 1616 1098 1636 960 1625 596 1639 599 1682" /></Shape>
	    <String CONTENT="nicipaux réglementant l’industrie textile et" HPOS="596.0" VPOS="1593.0" WIDTH="2024.0" HEIGHT="127.0" />
          </TextLine>
          <TextLine ID="eSc_line_0889f016" TAGREFS="LT76" BASELINE="602 1783 1796 1766 2672 1769" HPOS="596.0" VPOS="1705.0" WIDTH="2073.0" HEIGHT="101.0">
            <Shape><Polygon POINTS="599 1780 599 1806 2669 1798 2669 1766 2666 1723 2456 1705 2453 1705 2349 1723 2341 1723 2318 1723 2032 1708 2029 1708 2026 1708 1995 1723 1992 1726 1954 1726 1744 1711 1741 1711 1663 1726 1640 1728 1620 1726 1551 1714 1548 1714 1545 1714 1516 1726 1507 1731 596 1731 599 1780" /></Shape>
	    <String CONTENT="l’on &lt;.........&gt; comprendra sans peine l’exaspération" HPOS="596.0" VPOS="1705.0" WIDTH="2073.0" HEIGHT="101.0" />
          </TextLine>
          <TextLine ID="eSc_line_7b95d5eb" TAGREFS="LT76" BASELINE="605 1881 2663 1867" HPOS="599.0" VPOS="1815.0" WIDTH="2062.0" HEIGHT="101.0">
            <Shape><Polygon POINTS="602 1878 602 1901 945 1916 1118 1899 1216 1913 1334 1899 1412 1913 1412 1910 1430 1896 1715 1910 1778 1896 1825 1910 2000 1907 2021 1893 2119 1907 2121 1910 2231 1910 2231 1907 2237 1907 2260 1890 2369 1904 2421 1890 2658 1896 2661 1864 2655 1818 1646 1815 1582 1829 1510 1815 1245 1832 1187 1818 1176 1818 1156 1835 1009 1835 645 1821 599 1835 602 1878" /></Shape>
	    <String CONTENT="des ouvriers drapiers contre un régime qu’ils rendaient" HPOS="599.0" VPOS="1815.0" WIDTH="2062.0" HEIGHT="101.0" WC="0.9840086025220377" />
          </TextLine>
          <TextLine ID="eSc_line_341eea0d" TAGREFS="LT76" BASELINE="611 1982 2632 1953" HPOS="605.0" VPOS="1899.0" WIDTH="2024.0" HEIGHT="115.0">
            <Shape><Polygon POINTS="608 1979 608 2014 980 2011 1032 1994 1069 2008 1089 2011 1242 1991 1617 2005 1836 1982 1925 1999 1946 1979 2096 1979 2116 1996 2332 1976 2516 1991 2626 1976 2629 1950 2620 1910 2416 1916 2390 1899 2266 1899 2205 1919 2015 1901 1951 1922 1796 1910 1781 1927 1585 1927 1571 1922 1562 1913 1551 1913 1519 1927 1490 1910 1479 1910 1404 1930 1294 1913 1135 1933 1060 1916 960 1936 605 1933 608 1979" /></Shape>
	    <String CONTENT="responsable de tous leurs maux. Incapables d'ap¬" HPOS="605.0" VPOS="1899.0" WIDTH="2024.0" HEIGHT="115.0" />
          </TextLine>
          <TextLine ID="eSc_line_95a3706b" TAGREFS="LT76" BASELINE="611 2083 2208 2048 2638 2057" HPOS="605.0" VPOS="1991.0" WIDTH="2030.0" HEIGHT="127.0">
            <Shape><Polygon POINTS="608 2080 608 2118 761 2094 1029 2094 1055 2109 1063 2109 1778 2094 1876 2077 1899 2092 1908 2092 2026 2074 2072 2089 2081 2089 2139 2071 2589 2080 2635 2060 2635 2054 2629 2005 2427 2008 2407 1991 2392 1991 2375 2008 2222 1994 2084 2014 2047 2014 1917 1999 1804 2020 1623 2011 1360 2028 1323 2011 1311 2011 1288 2031 1167 2028 1063 2014 864 2040 712 2040 657 2022 648 2022 605 2034 608 2080" /></Shape>
	    <String CONTENT="précier la &lt;..........&gt; nature de l’industrie capita¬" HPOS="605.0" VPOS="1991.0" WIDTH="2030.0" HEIGHT="127.0" />
          </TextLine>
          <TextLine ID="eSc_line_016171f7" TAGREFS="LT77" BASELINE="837 2121 1000 2121" HPOS="836.0" VPOS="2080.0" WIDTH="161.0" HEIGHT="69.0">
            <Shape><Polygon POINTS="836 2120 836 2149 997 2143 997 2120 997 2086 836 2080 836 2120" /></Shape>
	    <String CONTENT="pour" HPOS="836.0" VPOS="2080.0" WIDTH="161.0" HEIGHT="69.0" WC="0.9999983906745911" />
          </TextLine>
          <TextLine ID="eSc_line_19cbd3aa" TAGREFS="LT76" BASELINE="605 2172 1787 2149 2655 2149" HPOS="599.0" VPOS="2089.0" WIDTH="2053.0" HEIGHT="109.0">
            <Shape><Polygon POINTS="974 2123 859 2123 856 2120 599 2120 602 2198 2652 2172 2649 2100 2309 2089 2300 2089 2280 2103 2199 2089 2113 2106 2067 2092 2058 2092 2015 2106 1822 2094 1715 2112 1548 2097 1504 2115 1326 2100 1274 2118 1092 2103 1046 2120 974 2120 974 2123" /></Shape>
	    <String CONTENT="liste &lt;.....&gt; laquelle ils travaillaient, ils se figuraient" HPOS="599.0" VPOS="2089.0" WIDTH="2053.0" HEIGHT="109.0" />
          </TextLine>
          <TextLine ID="eSc_line_0417539f" TAGREFS="LT76" BASELINE="602 2270 1718 2253 2652 2256" HPOS="596.0" VPOS="2198.0" WIDTH="2053.0" HEIGHT="110.0">
            <Shape><Polygon POINTS="599 2267 599 2285 775 2308 778 2308 781 2308 821 2290 1415 2302 1418 2302 1421 2302 1450 2288 1464 2282 1559 2288 1628 2293 1631 2293 1654 2290 1703 2279 2646 2290 2649 2253 2646 2213 2476 2198 2473 2198 2470 2198 2430 2213 2424 2216 596 2216 599 2267" /></Shape>
	    <String CONTENT="naïvement que le renversement du régime patri¬" HPOS="596.0" VPOS="2198.0" WIDTH="2053.0" HEIGHT="110.0" />
          </TextLine>
          <TextLine ID="eSc_line_6822a872" TAGREFS="LT76" BASELINE="614 2371 2587 2367 2680 2382" HPOS="608.0" VPOS="2308.0" WIDTH="2070.0" HEIGHT="95.0">
            <Shape><Polygon POINTS="611 2368 611 2388 1086 2403 1092 2403 1124 2388 1504 2388 1614 2403 1623 2403 1640 2388 1801 2388 1899 2403 2026 2388 2228 2403 2375 2388 2416 2403 2430 2403 2485 2388 2672 2403 2678 2380 2675 2328 2439 2328 2352 2308 2179 2325 2067 2308 2044 2328 1943 2328 1848 2308 1839 2308 1819 2325 1784 2311 1775 2311 1726 2325 1603 2308 1553 2325 1530 2308 1421 2308 1300 2325 1242 2308 1233 2308 1193 2325 986 2308 882 2325 830 2308 818 2308 798 2325 640 2311 608 2325 611 2368" /></Shape>
	    <String CONTENT="cien leur apporterait cette indépendance économi¬" HPOS="608.0" VPOS="2308.0" WIDTH="2070.0" HEIGHT="95.0" />
          </TextLine>
          <TextLine ID="eSc_line_0f606ed8" TAGREFS="LT76" BASELINE="616 2483 1086 2469 2623 2463" HPOS="611.0" VPOS="2420.0" WIDTH="2009.0" HEIGHT="95.0">
            <Shape><Polygon POINTS="614 2481 614 2515 715 2495 919 2495 957 2512 960 2512 962 2512 965 2512 1006 2495 1153 2509 1156 2509 1159 2509 1161 2509 1190 2492 1334 2492 1369 2509 1372 2509 1375 2509 1378 2509 1401 2509 1571 2492 1703 2507 1724 2507 1726 2507 1770 2504 2009 2489 2136 2501 2170 2504 2173 2504 2176 2504 2179 2504 2182 2501 2199 2486 2335 2498 2392 2504 2395 2504 2617 2495 2620 2460 2614 2423 611 2420 614 2481" /></Shape>
	    <String CONTENT="que dont ils voyaient jouir autour d’eux les autres" HPOS="611.0" VPOS="2420.0" WIDTH="2009.0" HEIGHT="95.0" />
          </TextLine>
          <TextLine ID="eSc_line_73881c6d" TAGREFS="LT76" BASELINE="616 2584 1127 2570 2675 2581" HPOS="614.0" VPOS="2509.0" WIDTH="2058.0" HEIGHT="107.0">
            <Shape><Polygon POINTS="614 2581 614 2610 1026 2610 1026 2607 1112 2590 1179 2607 1291 2593 1329 2610 1432 2593 1484 2610 1597 2593 1827 2593 1879 2610 1888 2610 1928 2593 1946 2610 1946 2613 1954 2616 2026 2616 2026 2613 2032 2613 2052 2596 2104 2610 2113 2610 2162 2596 2306 2610 2439 2596 2462 2610 2666 2613 2672 2579 2666 2527 2482 2535 2441 2527 2401 2515 2392 2515 2358 2535 2326 2515 2312 2515 2294 2532 2049 2535 1810 2512 1758 2530 1732 2518 1726 2518 1568 2530 1496 2532 1481 2530 1430 2512 1421 2512 1375 2530 1363 2532 1343 2515 1343 2512 1130 2509 1121 2509 1104 2524 1023 2509 991 2530 853 2530 775 2509 764 2509 735 2532 614 2532 614 2581" /></Shape>
	    <String CONTENT="artisans. Ils &lt;..&gt; attribuaient la rigueur de leur con¬" HPOS="614.0" VPOS="2509.0" WIDTH="2058.0" HEIGHT="107.0" />
          </TextLine>
          <TextLine ID="eSc_line_dce63a86" TAGREFS="LT76" BASELINE="619 2682 2661 2665" HPOS="614.0" VPOS="2607.0" WIDTH="2044.0" HEIGHT="113.0">
            <Shape><Polygon POINTS="616 2679 616 2705 778 2705 810 2720 957 2717 977 2700 1026 2714 1297 2697 1401 2697 1432 2717 1539 2717 1539 2714 1545 2714 1559 2703 1574 2697 2107 2708 2332 2691 2467 2705 2531 2688 2655 2703 2658 2662 2652 2625 2378 2607 2315 2625 2294 2625 2162 2610 2104 2625 2084 2610 2075 2610 1902 2628 1628 2613 1611 2628 1603 2630 1525 2628 1343 2616 1222 2633 1127 2619 1075 2633 1026 2619 902 2636 614 2630 616 2679" /></Shape>
	    <String CONTENT="dition, le salariat auquel ils étaient réduits, les chô¬" HPOS="614.0" VPOS="2607.0" WIDTH="2044.0" HEIGHT="113.0" />
          </TextLine>
          <TextLine ID="eSc_line_5af50d26" TAGREFS="LT76" BASELINE="625 2783 2591 2763" HPOS="619.0" VPOS="2705.0" WIDTH="1970.0" HEIGHT="119.0">
            <Shape><Polygon POINTS="622 2780 622 2806 905 2824 962 2803 994 2803 1179 2821 1239 2806 1450 2812 1461 2800 1467 2798 1741 2815 1897 2795 2090 2809 2162 2792 2222 2806 2586 2789 2589 2760 2583 2723 2306 2705 2283 2723 2021 2708 1931 2726 1686 2714 1646 2728 1611 2714 1600 2714 1577 2728 1202 2717 1176 2734 1026 2720 1006 2737 619 2737 622 2780" /></Shape>
	    <String CONTENT="mages qui les frappaient dès que l’exportation des" HPOS="619.0" VPOS="2705.0" WIDTH="1970.0" HEIGHT="119.0" />
          </TextLine>
          <TextLine ID="eSc_line_255d5a11" TAGREFS="LT76" BASELINE="622 2890 1729 2875 2661 2884" HPOS="616.0" VPOS="2818.0" WIDTH="2042.0" HEIGHT="101.0">
            <Shape><Polygon POINTS="619 2887 619 2919 715 2904 1453 2916 1507 2901 2121 2916 2245 2898 2652 2913 2658 2881 2652 2835 2421 2835 2361 2818 2274 2835 2240 2818 2228 2818 2202 2835 2012 2821 1980 2841 1859 2841 1732 2829 1594 2821 1585 2821 1568 2835 1473 2824 1357 2841 1308 2824 1300 2824 1285 2826 1242 2844 1011 2844 986 2826 962 2826 815 2841 778 2824 616 2824 619 2887" /></Shape>
	    <String CONTENT="laines était entravée, à l’injustice et à la dure¬" HPOS="616.0" VPOS="2818.0" WIDTH="2042.0" HEIGHT="101.0" />
          </TextLine>
          <TextLine ID="eSc_line_ac2d49f8" TAGREFS="LT76" BASELINE="619 2999 1493 2979 2626 2979" HPOS="614.0" VPOS="2910.0" WIDTH="2009.0" HEIGHT="121.0">
            <Shape><Polygon POINTS="616 2996 622 3028 651 3011 951 3031 991 3014 1026 3028 1035 3028 1075 3014 1326 3025 1360 3005 1617 3017 1640 3002 1899 3002 1943 3022 1960 3022 2049 2999 2061 3011 2070 3011 2318 2996 2617 3017 2623 2976 2620 2933 2413 2933 2349 2910 2341 2910 2280 2933 2165 2913 2133 2933 1931 2919 1891 2936 1845 2916 1836 2916 1775 2936 1712 2916 1611 2939 1522 2919 1516 2919 1473 2939 1409 2919 1268 2942 1202 2924 1190 2924 1161 2942 1046 2922 977 2942 674 2924 614 2945 616 2996" /></Shape>
	    <String CONTENT="té de &lt;...........&gt; la haute bourgeoisie. Ils &lt;.....&gt;" HPOS="614.0" VPOS="2910.0" WIDTH="2009.0" HEIGHT="121.0" />
          </TextLine>
          <TextLine ID="eSc_line_f37a506e" TAGREFS="LT76" BASELINE="622 3092 2352 3074 2571 3083 2688 3114" HPOS="616.0" VPOS="3017.0" WIDTH="2071.0" HEIGHT="109.0">
            <Shape><Polygon POINTS="619 3089 619 3109 795 3109 836 3126 1349 3103 1389 3120 1490 3103 1703 3120 1819 3100 1989 3117 2084 3097 2687 3112 2684 3031 2563 3017 2444 3034 2142 3019 1957 3037 1799 3022 1750 3037 1732 3022 1721 3022 1683 3040 1453 3025 1355 3043 1334 3043 1242 3028 1199 3045 945 3045 916 3031 795 3045 775 3031 766 3031 616 3045 619 3089" /></Shape>
	    <String CONTENT="&lt;.....&gt; rêvaient confusément au fond de leurs ateliers," HPOS="616.0" VPOS="3017.0" WIDTH="2071.0" HEIGHT="109.0" />
          </TextLine>
          <TextLine ID="eSc_line_92a07c5b" TAGREFS="LT76" BASELINE="628 3184 2416 3181 2678 3195" HPOS="622.0" VPOS="3120.0" WIDTH="2053.0" HEIGHT="101.0">
            <Shape><Polygon POINTS="625 3181 628 3221 677 3204 2669 3218 2675 3192 2672 3138 2294 3120 2292 3120 2289 3120 2257 3138 1767 3138 1732 3120 1729 3120 1726 3120 1470 3135 1378 3120 1375 3120 1216 3135 1127 3120 1124 3120 1046 3135 931 3120 928 3120 925 3120 922 3120 902 3138 738 3138 706 3120 703 3120 700 3120 622 3138 625 3181" /></Shape>
	    <String CONTENT="d’un état de choses bien différent de la réalité présente" HPOS="622.0" VPOS="3120.0" WIDTH="2053.0" HEIGHT="101.0" WC="0.9830320247432642" />
          </TextLine>
          <TextLine ID="eSc_line_8b8cfe37" TAGREFS="LT76" BASELINE="625 3279 1951 3273 2661 3285" HPOS="622.0" VPOS="3233.0" WIDTH="2036.0" HEIGHT="86.0">
            <Shape><Polygon POINTS="622 3276 622 3308 778 3299 838 3311 876 3316 879 3316 925 3311 988 3302 1084 3311 1144 3316 1147 3316 1202 3311 1329 3299 1372 3313 1386 3316 1389 3316 1392 3316 1395 3316 1398 3316 1401 3313 1418 3299 1744 3299 1781 3313 1784 3313 1787 3313 1793 3313 1902 3299 1925 3313 1925 3316 1928 3316 1931 3316 1934 3319 2078 3319 2078 3316 2101 3316 2274 3299 2320 3316 2323 3316 2326 3316 2329 3316 2332 3316 2335 3316 2401 3299 2652 3316 2658 3282 2652 3233 622 3236 622 3276" /></Shape>
	    <String CONTENT="et où &lt;...............&gt; ces beaux draps qu’ils s’épuisaient" HPOS="622.0" VPOS="3233.0" WIDTH="2036.0" HEIGHT="86.0" />
          </TextLine>
          <TextLine ID="eSc_line_f6f28969" TAGREFS="LT76" BASELINE="614 3377 2623 3365" HPOS="608.0" VPOS="3325.0" WIDTH="2012.0" HEIGHT="86.0">
            <Shape><Polygon POINTS="611 3374 611 3411 813 3397 1014 3411 1037 3411 1040 3411 1049 3411 1127 3394 1236 3411 1254 3411 1257 3411 1288 3409 1476 3394 1571 3409 1594 3411 1597 3411 1600 3411 1603 3411 1605 3409 1631 3391 2032 3403 2035 3403 2119 3388 2234 3388 2257 3406 2260 3406 2263 3406 2266 3406 2271 3406 2338 3391 2614 3403 2620 3362 2612 3325 608 3331 611 3374" /></Shape>
	    <String CONTENT="à produire et à apprêter, seraient vendus par eux" HPOS="608.0" VPOS="3325.0" WIDTH="2012.0" HEIGHT="86.0" />
          </TextLine>
        </TextBlock>
      </PrintSpace>
    </Page>
  </Layout>
</alto>