2713 3531
2530.0 32.0 68.0 85.0 91

2018.0 23.0 409.0 88.0 transformation

564.0 47.0 2043.0 117.0 au moins contemporaine de la <........> de

576.0 161.0 2075.0 106.0 l’industrie locale et il serait donc inexact de la

582.0 264.0 2063.0 97.0 considérer comme appartenant à un stade pos¬

579.0 341.0 2045.0 123.0 térieur de l’évolution économique. En réalité,

582.0 444.0 2013.0 103.0 les deux systèmes auxquels l'une et l'autre ont

594.0 538.0 2063.0 97.0 donné naissance remontent à la même époque

588.0 635.0 2033.0 97.0 et l'économie urbaine nous présente, côte à côte,

591.0 735.0 2045.0 97.0 dans les pays où elle atteint son développement

591.0 823.0 2010.0 100.0 complet, <.......> les modalités différentes de la

582.0 918.0 2045.0 103.0 petite industrie locale et de l’industrie d’expor¬

603.0 1026.0 1918.0 89.0 tation si l'on veut, de la grande industrie.

691.0 1115.0 1971.0 100.0 C’est par le nombre de leurs membres que les ouvri¬

588.0 1203.0 2086.0 91.0 ers adonnés à <..............> celle-ci se différencient

614.0 1279.0 2013.0 109.0 le plus nettement des autres métiers urbains.

603.0 1374.0 2045.0 97.0 L’industrie d’exportation, dont le marché est in¬

620.0 1468.0 2028.0 91.0 définiment extensible et la production toujours

623.0 1556.0 2039.0 103.0 grandissante peut nourrir des masses d'hom¬

600.0 1647.0 2057.0 106.0 mes, et, dès le XIIe siècle, il est sûr que, de tous côtés

617.0 1730.0 2051.0 117.0 ils affluent vers elle(1). On ne possède malheureu¬

1356.0 1815.0 383.0 62.0 donnée sûre

612.0 1833.0 2045.0 100.0 sement aucune<............> avant le commen¬

609.0 1927.0 2042.0 112.0 cement du XIVe siècle. Mais, dès cette époque, on

600.0 2027.0 2033.0 115.0 peut constater que Gand renfermait environ

617.0 2127.0 2031.0 100.0 4000 tisserands, chiffre énorme, si l’on songe que la

1933.0 2183.0 373.0 76.0 comportait

617.0 2236.0 2048.0 88.0 <......................> la ville ne <............> certaine¬

1182.0 2283.0 200.0 82.0 plus de

620.0 2315.0 2031.0 106.0 ment pas alors 50000 habitants. On ne peut douter

632.0 2406.0 2013.0 106.0 que, dans les grandes villes flamandes, les artisans

626.0 2504.0 2045.0 100.0 de la draperie, avec leurs femmes et leurs enfants, n'aient

623.0 2580.0 2025.0 118.0 formé la majeure partie de la population. L’équilibre

635.0 2680.0 2033.0 112.0 que présentent les villes médiévales du type courant

626.0 2777.0 2007.0 115.0 entre les diverses professions, est ici complètement

626.0 2883.0 1954.0 97.0 rompu à l’avantage de l’une d’elles, et l’on se

629.0 2977.0 2031.0 97.0 trouve en face d’une situation qui rappelle de très

623.0 3060.0 2045.0 106.0 près celle des centres manufacturiers de notre é¬

632.0 3142.0 2010.0 118.0 poque. Le fait suivant suffit à le prouver. A Ypres,

653.0 3319.0 2039.0 123.0 (1) Voy. plus haut, p. ce que nous avons dit de l'abon¬

647.0 3407.0 1792.0 106.0 dance des tisserands urbains dès cette époque.
