2713 3506
2484.0 11.0 109.0 123.0 192

584.0 64.0 2050.0 140.0 ne tarda pas à revenir à la cause du prince. Les villes

570.0 184.0 2023.0 111.0 hollandaises qui devaient pour une large part à sa

567.0 271.0 2043.0 123.0 politique bourguignonne la suprématie naissante de

555.0 365.0 2084.0 134.0 leur marine abandonnèrent aussi l’opposition après un

575.0 458.0 2088.0 140.0 premier mouvement d’effervescence. La Flandre seule

570.0 555.0 2031.0 143.0 ne déposa pas les armes. Plus ses villes avaient jadis été

573.0 654.0 2069.0 158.0 puissantes et privilégiées, plus elles étaient incapables

570.0 756.0 2078.0 152.0 de comprendre la nécessité de concilier leurs intérêts avec

567.0 858.0 2072.0 147.0 ceux de l'Etat. Mais ses métiers sentaient bien eux mê¬

567.0 972.0 2049.0 138.0 mes que leurs forces ne suffiraient plus à leur donner la

575.0 1057.0 2053.0 152.0 victoire. Reprenant pour leur compte la conduite des

1356.0 1145.0 205.0 70.0 de 1302

2160.0 1162.0 383.0 94.0 s’adressent

573.0 1154.0 2072.0 163.0 <..........> Leliaerts <..................> ils <.........> au

573.0 1250.0 2113.0 164.0 roi de France. <.................................>

575.0 1343.0 2091.0 147.0 <.........> lls appellent Louis XI à la rescousse comme

573.0 1440.0 2075.0 152.0 leurs vieux ennemis avaient jadis appelé Philippe le Bel.

567.0 1536.0 2046.0 158.0 Le régime démocratique cherche à se maintenir, par

567.0 1627.0 2061.0 169.0 les mêmes moyens que le régime patricien vieillissant :

573.0 1723.0 2066.0 161.0 par l’appui de l’étranger. Ce sont des mercenaires fran¬

2297.0 1864.0 284.0 73.0 milices

578.0 1808.0 2018.0 196.0 çais qui viennent combattre pour eux, car les <......>

575.0 1916.0 2032.0 158.0 communales se bornent à veiller sur leurs remparts

570.0 2015.0 2049.0 173.0 et n’osent plus affronter en rase campagne les armées

570.0 2112.0 412.0 96.0 régulières.¬

2251.0 2232.0 394.0 108.0 d'autriche

611.0 2202.0 2014.0 190.0 Maladroitement dirigée par Maximilien, <......>

567.0 2281.0 576.0 94.0 qui avait épousé

575.0 2322.0 1795.0 158.0 <.............> Marie de Bourgogne au mois de

587.0 2416.0 2064.0 193.0 1477 <.............................................>

567.0 2515.0 2096.0 210.0 <......>, la guerre dura longtemps à travers des péri¬

578.0 2620.0 2082.0 196.0 péties sur lesquelles nous ne pouvons insister ici. L’obs¬

573.0 2699.0 2058.0 225.0 -tination des Gantois, qui furent les derniers à déposer les

570.0 2819.0 2066.0 222.0 armes, la prolongea jusqu’en , <....> alors même que

567.0 2918.0 2105.0 193.0 toutes chances de l’emporter étaient évanouies. L'origine

575.0 3023.0 2097.0 184.0 étrangère de Maximilien, <.......................>

570.0 3117.0 2087.0 196.0 <..> l’inintelligence politique dont il fit preuve en <.......>

575.0 3213.0 1994.0 167.0 <....> affichant un absolutisme inspiré de celui de

608.0 3319.0 2078.0 157.0 Charles le Téméraire, sa rupture, après la mort de Marie
