2713 3540
2521.0 32.0 121.0 88.0 174

484.0 44.0 2128.0 127.0 ni leur nombre, ni l’importance de leur profession. Leur

493.0 153.0 2160.0 100.0 chute amena la reconstitution du membre de la pooterie.

501.0 247.0 2123.0 95.0 On s’était convaincu sans doute qu’il était impossi¬

693.0 312.0 89.0 80.0 <..>

504.0 356.0 2111.0 89.0 ble, <........> dans une ville essentiellement industrielle,

493.0 448.0 2146.0 106.0 de priver de toute influence politique le groupe des mar¬

501.0 531.0 2152.0 109.0 chands et des patrons, sans nuire gravement à la pros¬

495.0 622.0 2147.0 100.0 périté générale et surtout <.......> sans les animer d’une

501.0 725.0 2164.0 95.0 hostilité constante à l’égard des institutions établies. Dé¬

501.0 805.0 2120.0 115.0 sormais, le type constitutionnel gantois ne varia plus. Les

501.0 905.0 2129.0 121.0 <.........> poorters, les tisserands et les petits métiers col¬

498.0 1008.0 2153.0 127.0 laborèrent d’une manière permanente, avec l’échevi¬

498.0 1118.0 2126.0 115.0 nage, au maniement des affaires. Toutefois, l’influence

495.0 1212.0 2156.0 109.0 des premiers le céda de beaucoup à celle des deux autres. La col¬

495.0 1309.0 2147.0 133.0 lace, ou large conseil de la ville, se composa des cinquante ¬

507.0 1430.0 2093.0 115.0 trois <.....> doyens des petits métiers, des vingt-trois jurés des

504.0 1531.0 2135.0 115.0 tisserands et seulement d’une dizaine de patriciens.

504.0 1634.0 2093.0 121.0 De plus, depuis 1368 (?) un arrangement intervint entre

507.0 1728.0 2135.0 121.0 les trois membres, par lequel « veu que chascun des deux

498.0 1826.0 2141.0 112.0 membres des mestiers a sans comparaison beaucoup

504.0 1917.0 2164.0 121.0 plus de peuple que le membre de la bourgeoisie et, en toutes

501.0 2006.0 2117.0 126.0 charges survenues à la ville a soustenu la plus grant

501.0 2103.0 2150.0 136.0 charge » (1), dix sièges dans chacun des deux bans de l’é¬

516.0 2191.0 2135.0 148.0 chevinage furent attribués aux tisserands et aux petits

501.0 2292.0 2161.0 144.0 métiers, à raison de cinq pour chaque partie, tandis que

507.0 2401.0 2146.0 130.0 les bourgeois furent réduits à la portion congrue et n’en

513.0 2504.0 709.0 109.0 obtinrent que six. ¬

549.0 2596.0 2099.0 165.0 Tel demeura, jusqu’à la bataille de Gavere, en 1455, le type

528.0 2702.0 2123.0 141.0 officiel de l’organisation municipale gantoise. Mais il

510.0 2796.0 2167.0 139.0 s’en faut de beaucoup <...> qu’il ait été régulièrement ob¬

1201.0 2876.0 496.0 88.0 il y fut presque

516.0 2911.0 2149.0 112.0 servé. En fait <.........................> constamment

516.0 2994.0 2146.0 135.0 <................................> dérogé. Non seule¬

510.0 3100.0 2167.0 124.0 ment le grand doyen des métiers et le doyen des tisserands s’

531.0 3197.0 2140.0 115.0 emparèrent d’une autorité   incompatible avec le fonc¬

528.0 3283.0 2137.0 115.0 tionnement normal de la représentation proportionnelle

522.0 3363.0 2114.0 115.0 (1) V. Fris. Les origines de la réforme constitutionnelle de Gand de

802.0 3436.0 378.0 83.0 1360-1369.
