2713 3526
2501.0 67.0 141.0 141.0 81

1302.0 111.0 335.0 141.0 III

634.0 285.0 1970.0 143.0 Les mêmes caractères que nous venons

552.0 390.0 2111.0 141.0 de constater dans le domaine de l’alimen¬

555.0 493.0 2143.0 138.0 tation urbaine se retrouvent, mais avec bien

584.0 587.0 2070.0 156.0 plus de variété et d’éclat, dans l’organisation

570.0 693.0 2110.0 138.0 industrielle. Ici aussi, il y aura lieu de distin¬

587.0 799.0 2087.0 144.0 guer, à côté de la réglementation locale des mé¬

570.0 902.0 1904.0 114.0 tiers l’intervention incoercible du capital.

634.0 1019.0 2026.0 118.0 <..........................................................................>

555.0 1128.0 1505.0 100.0 <...................................................................................................>

637.0 1184.0 2031.0 158.0 Examinons tout d’abord le groupe des artisans qui

584.0 1284.0 2070.0 144.0 travaillent pour la  satisfaction des besoins journa¬

567.0 1381.0 2087.0 141.0 liers de la population : boulangers, bouchers, charpen¬

558.0 1472.0 2122.0 144.0 tiers, tailleurs, forgerons, potiers de terre ou potiers d’é¬

564.0 1589.0 2116.0 112.0 tain, menuisiers, etc. Indispensables à bourgeoi¬

558.0 1674.0 2093.0 121.0 sie ils ne manquent dans aucune ville. Chaque

561.0 1786.0 2119.0 115.0 agglomération, grande ou petite, les possède en nom¬

561.0 1886.0 2107.0 109.0 bre proportionné à son importance <....................>

567.0 1980.0 2072.0 115.0 <................> De même que le grand domaine

567.0 2083.0 2113.0 123.0 à l’époque agricole du Moyen Âge, s’efforçait de pro¬

1869.0 2159.0 253.0 74.0 espèces

558.0 2180.0 2116.0 120.0 duire par lui-même toutes les <.......> de céréales, de

540.0 2280.0 2143.0 105.0 même toute ville pourvoit indépendamment aux

555.0 2368.0 2113.0 106.0 nécessités courantes de ses habitants. D’ailleurs ceux¬

561.0 2468.0 2113.0 111.0 ci ne sont pas seuls à consommer les objets fabriqués

561.0 2556.0 2096.0 132.0 ou préparés par les métiers locaux. "Le territoire qui ser¬

561.0 2659.0 2104.0 120.0 vait à approvisionner le marché urbain servait

549.0 2762.0 2108.0 126.0 également à écouler ses produits. Les habitants

549.0 2861.0 2102.0 141.0 du plat-pays apportaient au marché les moyens de

564.0 2953.0 2075.0 138.0 subsistance et les matières premières et

561.0 3052.0 2087.0 133.0 achetaient en retour le travail des artisans

555.0 3149.0 2146.0 138.0 des villes... Le bourgeois et le paysan se trouvaient

549.0 3240.0 2099.0 147.0 ainsi dans un rapport réciproque de clientèle.

549.0 3355.0 2108.0 126.0 Ce que l’un produisait, l’autre le consommait, et
