2713 3529
2589.0 29.0 100.0 65.0 43

523.0 55.0 2154.0 112.0 habitants de la ville, sont également des hommes libres. C’est

520.0 129.0 2151.0 135.0 là désormais leur privilège naturel, si l'on peut ainsi dire

2189.0 194.0 159.0 67.0 caste

2462.0 188.0 218.0 79.0 En 1535

526.0 226.0 2136.0 121.0 la marque peut être la plus éclatante de leur <..........>. <...>

529.0 299.0 2128.0 142.0 <..................> les échevins d’Ypres répondent avec or¬

535.0 391.0 2122.0 132.0 gueil à ceux de Saint-Dizier, qu’ils n’ont « oncques oy de

553.0 485.0 1136.0 109.0 gens de serve condicion » (1).

570.0 529.0 2116.0 159.0 Avec la liberté personnelle, marche de pair, dans la ville la li¬

526.0 629.0 2157.0 132.0 berté du sol. Ici encore, nous nous trouvons en présence d’une conséquence

526.0 694.0 2128.0 141.0 nécessaire de l’activité sociale des bourgeois. Avant la formation des

520.0 770.0 2151.0 159.0 agglomérations marchandes, la terre <...> n’avait de valeur que comme

523.0 835.0 2169.0 161.0 objet de culture. Les maisons qu’elle portait n’étaient que des parties cons¬

517.0 926.0 2160.0 147.0 tituantes de l’organisation domaniale. La demeure du paysan n’ap¬

523.0 1005.0 2151.0 150.0 paraissait que comme l’appendice du « manse », - unité d exploita¬

514.0 1079.0 2148.0 132.0 tion - il y était indissolublement attachée. Elle se transmettait

520.0 1152.0 2145.0 144.0 avec lui par héritage, par vente, par donation. Mais dans la ville où

523.0 1217.0 2139.0 150.0 se concentre <..................>  une population détachée du sol

511.0 1296.0 2175.0 153.0 un état de choses tout différent doit nécessairement se faire jour.

511.0 1379.0 2169.0 153.0 Pour le bourgeois, vivant du commerce ou subsistant par l’existen¬

509.0 1449.0 2148.0 156.0 d’un métier, la maison <...........> devient l’essentiel. Il n'a

520.0 1535.0 2166.0 155.0 besoin que d’une habitation où s’abriter et où exercer sa profession. Pour

511.0 1608.0 2172.0 174.0 lui, la maison n’est plus qu’un meuble indépendant de la terre(2).

514.0 1690.0 2160.0 162.0 <.......................> Ce qui était l’accessoire à l’origine

509.0 1776.0 2171.0 159.0 est maintenant le principal, et du même coup, le terrain acquiert

500.0 1855.0 2177.0 159.0 une destination nouvelle et <................> un prix insoup¬

520.0 1946.0 2154.0 153.0 çonné en se transformant en terrain à bâtir (mansionaria  terra).

514.0 2020.0 2154.0 141.0 Les propriétaires du sol ne manquèrent pas de tirer parti de si¬

511.0 2090.0 2149.0 153.0 tuation. Ils divisèrent leurs fonds en parcelles qu’ils cédèrent, moyen¬

509.0 2170.0 2171.0 141.0 nant un cens aux immigrants des portus. Bien plus ! ils eurent soin

517.0 2255.0 2166.0 135.0 de fixer ce cens à un taux assez modique pour attirer les nouveaux

2092.0 2299.0 429.0 68.0 dans le détail

511.0 2335.0 2169.0 138.0 venus. Les origines du peuplement nous échappent <.................>

511.0 2408.0 2169.0 144.0 par suite du manque de sources. Mais les documents postérieurs nous

511.0 2473.0 2172.0 167.0 permettent d’en reconnaître les traits principaux. Que les villes nais¬

509.0 2564.0 2171.0 138.0 santes se soient formées sur le domaine d’un prince, d’un monas¬

500.0 2637.0 2180.0 147.0 tère ou d’un baron, que la terre où vinrent se presser les maisons ur¬

506.0 2717.0 2174.0 141.0 baines fût un sol vierge ou se composât de champs cultivés, par¬

509.0 2802.0 2171.0 124.0 tout ses détenteurs la laissèrent s'adapter aux circonstances. Ils

517.0 2876.0 2169.0 132.0 n’y virent plus qu’un substratum de construction. Ils ne cherchèrent

511.0 2961.0 2157.0 112.0 pas à la retenir dans le cadre ancien de l’organisation domaniale.

517.0 3029.0 2148.0 129.0 <..> A la place des « manses » et des « cultures » sur lesquels avaient

550.0 3252.0 1330.0 153.0 (1) Beugnot. Les Olim,   t. II, p. 770.

529.0 3346.0 2139.0 118.0 (2) On sait que les plus anciennes sources du droit urbain considè¬

529.0 3414.0 2116.0 112.0 rent en effet, les maisons comme des biens meubles et pré¬
