2713 3552
2591.0 32.0 71.0 98.0 12

607.0 82.0 2082.0 148.0 lant entre la Crimée et le golfe de Botnie, tandis que

607.0 201.0 2040.0 154.0 les marchands italiens, dans leurs voyages vers le

598.0 284.0 2076.0 157.0 Nord, aboutissaient naturellement sur leur sol. Si fai¬

610.0 393.0 2064.0 142.0 ble qu'ait<..> pu être encôre au Xe siècle l'usine du com¬

2550.0 455.0 103.0 80.0 fé¬

589.0 482.0 2067.0 145.0 merce international, il se trouva donc plus <..>

642.0 612.0 190.0 71.0 cond

601.0 603.0 2061.0 128.0 <....> partout ailleurs dans les plaines de Belgique.

586.0 698.0 2064.0 136.0 Sous son influence salutaire, le régime économique

589.0 805.0 2085.0 124.0 figé <..... ..........> dans l'immobilité d'une vie

1723.0 879.0 649.0 71.0 s'assouplit et se réveille

592.0 902.0 2088.0 113.0 agricole sédentaire et locale <........ .. ......>

1460.0 982.0 284.0 68.0 carrière

592.0 991.0 2082.0 130.0 <.... ........> La <.......> aventureuse du marchand,

601.0 1095.0 2079.0 142.0 <.........> commence à attirer les plus entreprenants

598.0 1186.0 2049.0 119.0 des serfs domaniaux. Les "pauvres", si nombreux à

598.0 1272.0 2052.0 154.0 cette époque où la terre seule peut nourrir l'homme et

2144.0 1340.0 471.0 68.0 se présebter à

598.0 1379.0 2091.0 145.0 où il n'y a pas assez de terre pour chacun, voient <......>

580.0 1480.0 2070.0 124.0 eux de nouveaux moyens d'exis tence : le halage des

574.0 1577.0 2115.0 130.0 barques, la conduite des chariots, le déchargement des mar¬

574.0 1678.0 2112.0 136.0 marchandises. De plus en plus nombreux, ils <.................>

574.0 1776.0 2094.0 127.0 obéissent à l'attraction toujours plus forte que le com¬

547.0 1885.0 1863.0 113.0 mèrce, en se développant, exerce autour de lui.

642.0 1977.0 2026.0 136.0 Cette attraction part de foyers déterminés tout natu¬

556.0 2072.0 2115.0 127.0 rellement par le relief du sol, la direction ou la profon¬

562.0 2160.0 2112.0 128.0 deur des cours d'eau. Ils se constituent d'eux mêmes

568.0 2255.0 2079.0 127.0 aux nœuds, si l'on peut ainsi dire, du transit ré¬

577.0 2347.0 2050.0 145.0 gional. On en rencontre au fond des golfes (Bruges),

562.0 2442.0 2115.0 136.0 là où une route vient croiser le cours d'un fleuve (Maes¬

544.0 2539.0 2130.0 151.0 tricht, Valenciennes), au confluent ou à proximité du

2529.0 2604.0 136.0 74.0 au

556.0 2643.0 2094.0 145.0 confluent de deux rivières (Liège, Malines, Gand), <..>

539.0 2752.0 358.0 65.0 encore au

521.0 2735.0 2144.0 145.0 point où une rivière cessant d ’ être navigable les

533.0 2838.0 2117.0 136.0 bateaux qu'elle porte doivent nécessairement être

544.0 2939.0 2106.0 136.0 déchargés (Louvain, Bruxelles, Douai, Ypres). <.....>

2286.0 3004.0 249.0 71.0 éparpille

536.0 3028.0 2123.0 130.0 <.............> La circulation commerciale <......> ses

542.0 3122.0 2126.0 139.0 étapes par le pays. Débarcadères, stations d'hivernage et

542.0 3229.0 2120.0 133.0 relais fixent bientôt autour d'eux des agglomérations

571.0 3306.0 2047.0 160.0 d'hommes qui, rompant les liens qui les ont jusqu'alors
