2713 3521
2460.0 38.0 200.0 161.0 177

1080.0 272.0 822.0 176.0 Chapitre VIII

657.0 598.0 1809.0 150.0 Les démocraties urbaines et l'Etat

1400.0 880.0 138.0 73.0 I

628.0 980.0 2008.0 90.0 Dans tous les pays de l’Europe occidentale, les gouver¬

2425.0 1029.0 170.0 68.0 D'un

551.0 1076.0 2100.0 80.0 nements municipaux du Moyen Âge sont animés <.....>

528.0 1123.0 179.0 74.0 <......>

716.0 1126.0 355.0 65.0 sentiment

1653.0 1129.0 246.0 82.0 prononcé

1923.0 1135.0 376.0 73.0 <...........>

534.0 1167.0 2099.0 100.0 <.....> républicain plus ou moins <...............>

516.0 1264.0 2152.0 88.0 <.........> Il n’en pouvait être autrement. Car le particularis¬

525.0 1361.0 2135.0 91.0 me économique des bourgeoisies aussi bien que leur constitution

516.0 1440.0 2161.0 94.0 sociale si particulière les poussaient nécessairement à con¬

522.0 1537.0 2149.0 106.0 quérir une autonomie complète, à gérer leurs affaires comme

510.0 1619.0 2158.0 126.0 elles l’entendaient, bref à se transformer chacune en un Etat

513.0 1719.0 2141.0 111.0 dans l’Etat. Déjà très <..........> marquées à l’époque patri¬

510.0 1816.0 2111.0 88.0 cienne, ces tendances s’accusèrent davantage encore sous les

507.0 1907.0 2153.0 99.0 administrations démocratiques qui continuèrent à cet é¬

531.0 1998.0 2146.0 123.0 gard la tradition du régime déchu. En France et en Angleterre

507.0 2100.0 2161.0 124.0 le pouvoir royal fut assez puissant pour <.............>

1438.0 2183.0 1148.0 73.0 tout d’abord aux tentatives urbaines

516.0 2209.0 2147.0 103.0 <..............> s' opposer <.......................................> puis

522.0 2291.0 2126.0 112.0 pour en triompher. En Italie et en Allemagne, sa faiblesse le con¬

519.0 2400.0 2135.0 79.0 damna au contraire à capituler devant elles et une riche flo¬

522.0 2473.0 2144.0 103.0 raison de villes libres s’épanouit bientôt des deux côtés des Alpes.

531.0 2564.0 2137.0 117.0 Quant aux Pays Bas, ils présentent une situation intermédi¬

2252.0 2646.0 261.0 82.0 très large

534.0 2658.0 2111.0 126.0 aire. Si leurs grandes communes atteignirent à une indé¬

525.0 2766.0 2161.0 106.0 pendance <..............................................>

519.0 2866.0 2120.0 106.0 elles ne parvinrent pas, malgré tous leurs efforts, à s’arracher à

531.0 2957.0 2143.0 115.0 l’autorité de leurs princes. <.................................> Elles ne

522.0 3051.0 2161.0 126.0 devinrent pas des Etats dans l’Etat; elles restèrent engagées dans

513.0 3142.0 2155.0 126.0 les principautés territoriales dont elles voulaient s’échapper, et,

505.0 3239.0 2149.0 120.0 si elles en furent les membres les plus vigoureux, si elles y con¬

531.0 3324.0 2102.0 120.0 quirent la première place et une importance prépondérante,
