2713 3468
2507.0 31.0 122.0 116.0 200

532.0 89.0 2097.0 133.0 se développe en pleine vigueur et fait surgir, à côté

532.0 196.0 2079.0 136.0 de l’antique organisation corporative de l’industrie

537.0 297.0 2100.0 139.0 une organisation bien différente et aussi parfaitement

543.0 387.0 2112.0 121.0 adaptée <......> au nouvel ordre économique que celle-ci

543.0 473.0 2083.0 125.0 lui était rebelle. Libre des entraves <...........>

549.0 569.0 2080.0 127.0 <........> dans lesquelles la réglementation urbaine

540.0 661.0 2123.0 133.0 enserre l’artisan, elle se plie, en effet, à toutes les <.....> exi¬

555.0 760.0 2053.0 138.0 gences de l’entreprise capitaliste. Chez elle, point de li¬

546.0 861.0 2080.0 121.0 mites à la production, point de métiers groupant

555.0 953.0 2059.0 122.0 les artisans en face du patron, intervenant dans le

543.0 1025.0 2112.0 142.0 taux des salaires, fixant les conditions de l’apprentis¬

549.0 1127.0 2097.0 141.0 sage et limitant les heures de travail. Point de pri¬

552.0 1225.0 2103.0 144.0 vilèges surtout n’ouvrant qu’aux bourgeois l’accès de

555.0 1314.0 2085.0 154.0 la profession et en excluant le forain. Ici, tout homme,

540.0 1416.0 2129.0 144.0 pourvu qu’il soit valide et sache lancer la navette est

546.0 1520.0 2100.0 135.0 sûr d’être embauché. On ne s’inquiète ni de son passé ni de

537.0 1632.0 2138.0 119.0 son origine et lui-même, isolé en face de l’employeur lui vend

543.0 1716.0 2129.0 136.0 son labeur aux conditions qu’il stipule, trop heureux d’a¬

540.0 1806.0 2103.0 141.0 voir trouvé un gagne-pain. Ainsi se constitue, dans

543.0 1904.0 2091.0 127.0 les villages des environs d’Ypres, dans la châtellenie de

540.0 2002.0 2126.0 145.0 Bailleul, à Bergues-Saint-Winnoc, aux environs de

543.0 2109.0 2135.0 133.0 Lille, mais surtout à Hondschoote et à Armentières

535.0 2202.0 2146.0 144.0 un véritable prolétariat industriel. Les miséreux, les

535.0 2306.0 2134.0 144.0 vagabonds y abondent de tous les points du pays. Bien

561.0 2410.0 2111.0 138.0 plus ! Le malaise croissant de l’industrie urbaine

549.0 2520.0 2111.0 135.0 poussant les ouvriers des grandes communes vers

543.0 2627.0 2138.0 132.0 le plat-pays, on assiste au spectacle inattendu d’un

537.0 2731.0 2106.0 147.0 exode des villes vers les campagnes. Bref, pour résister

549.0 2829.0 2117.0 150.0 à la draperie anglaise, les Pays-Bas ont dû subir une

552.0 2936.0 2106.0 156.0 transformation analogue à celle de l’Angleterre et

537.0 3040.0 2112.0 159.0 l’on remarque entre les jeunes agglomérations indus¬

535.0 3141.0 2111.0 159.0 trielles du XVIe siècle et les vieilles villes un contraste

549.0 3248.0 2155.0 173.0 analogue à celui que l’on constate à la même époque
