<?xml version='1.0' encoding='utf-8'?>
<alto xmlns="http://www.loc.gov/standards/alto/ns-v4#" xmlns:xsi="http://www.w3.org/2001/XMLSchema-instance" xsi:schemaLocation="http://www.loc.gov/standards/alto/ns-v4# http://www.loc.gov/standards/alto/v4/alto-4-2.xsd">
  <Description>
    <MeasurementUnit>pixel</MeasurementUnit>
    <sourceImageInformation>
      <fileName>ARCH-DIV-000494_0143.png</fileName>
    </sourceImageInformation>
  </Description>
  <Tags>
    <OtherTag ID="BT37" LABEL="MainZone" DESCRIPTION="block type MainZone" /><OtherTag ID="BT38" LABEL="MarginTextZone" DESCRIPTION="block type MarginTextZone" /><OtherTag ID="BT39" LABEL="NumberingZone" DESCRIPTION="block type NumberingZone" /><OtherTag ID="BT40" LABEL="TitlePageZone" DESCRIPTION="block type TitlePageZone" /><OtherTag ID="BT41" LABEL="CustomZone:Numbering" DESCRIPTION="block type CustomZone:Numbering" /><OtherTag ID="BT48" LABEL="MarginTextZone:lower" DESCRIPTION="block type MarginTextZone:lower" /><OtherTag ID="BT84" LABEL="MarginTextZone:low" DESCRIPTION="block type MarginTextZone:low" />
    <OtherTag ID="LT26" LABEL="default" DESCRIPTION="line type default" /><OtherTag ID="LT27" LABEL="DefaultLine" DESCRIPTION="line type DefaultLine" /><OtherTag ID="LT28" LABEL="HeadingLine" DESCRIPTION="line type HeadingLine" /><OtherTag ID="LT29" LABEL="InterlinearLine:addition" DESCRIPTION="line type InterlinearLine:addition" /><OtherTag ID="LT30" LABEL="InterlinearLine:correction" DESCRIPTION="line type InterlinearLine:correction" />
  </Tags>
  <Layout>
    <Page WIDTH="2713" HEIGHT="3456" PHYSICAL_IMG_NR="138" ID="eSc_dummypage_">
      <PrintSpace HPOS="0" VPOS="0" WIDTH="2713" HEIGHT="3456">
        <TextBlock HPOS="2429.0" VPOS="6.0" WIDTH="133.0" HEIGHT="114.0" ID="06f4f3e5-21b2-46b4-b4d9-df61b8f664fa" TAGREFS="BT39">
          <Shape><Polygon POINTS="2562 6 2562 118 2514 120 2476 88 2429 68 2449 6" /></Shape>
          <TextLine ID="eSc_line_0f9a8d32" TAGREFS="LT27" BASELINE="2451 52 2548 66" HPOS="2445.0" VPOS="8.0" WIDTH="100.0" HEIGHT="81.0">
            <Shape><Polygon POINTS="2540 8 2511 8 2482 8 2453 8 2450 51 2445 89 2543 83 2545 63 2545 8 2540 8" /></Shape>
	    <String CONTENT="135" HPOS="2445.0" VPOS="8.0" WIDTH="100.0" HEIGHT="81.0" />
          </TextLine>
        </TextBlock>
        <TextBlock HPOS="513.0" VPOS="12.0" WIDTH="2157.0" HEIGHT="3431.0" ID="68cc8b5d-df87-4af1-92c9-72b6fb725572" TAGREFS="BT37">
          <Shape><Polygon POINTS="2406 80 2500 99 2520 135 2670 134 2670 3443 513 3443 513 12 2341 36" /></Shape>
          <TextLine ID="eSc_line_c9b3980a" TAGREFS="LT27" BASELINE="544 118 2079 95 2480 105" HPOS="538.0" VPOS="25.0" WIDTH="1941.0" HEIGHT="130.0">
            <Shape><Polygon POINTS="2439 86 2410 80 2381 66 2352 46 2318 34 2188 34 2108 51 1995 40 1874 54 1756 28 1661 28 1653 25 1618 28 1563 57 1416 57 1362 34 1353 34 1304 57 1298 63 1163 63 1128 34 1062 34 1008 57 970 40 959 40 918 66 794 37 601 40 601 43 576 63 576 66 538 66 541 135 754 155 832 138 964 152 1048 129 1157 149 1284 146 1301 129 1874 135 1961 118 2128 118 2154 138 2168 138 2194 120 2214 135 2479 132 2479 103 2453 89 2439 86" /></Shape>
	    <String CONTENT="la haute bourgeoisie. On se contenta de faire" HPOS="538.0" VPOS="25.0" WIDTH="1941.0" HEIGHT="130.0" WC="0.9844469282362196" />
          </TextLine>
          <TextLine ID="eSc_line_5b838c31" TAGREFS="LT27" BASELINE="552 210 1422 198 2580 204" HPOS="547.0" VPOS="141.0" WIDTH="2030.0" HEIGHT="100.0">
            <Shape><Polygon POINTS="550 207 550 224 581 241 1206 241 1296 221 1494 236 1549 221 1578 239 1589 239 1635 221 2571 227 2577 201 2574 155 2545 141 2364 158 2327 158 2185 144 2099 158 2073 158 1984 144 1889 158 1857 144 1848 144 1797 158 1425 144 1267 158 1175 144 1111 158 1013 144 964 158 547 155 550 207" /></Shape>
	    <String CONTENT="disparaître le gouvernement direct de la ville" HPOS="547.0" VPOS="141.0" WIDTH="2030.0" HEIGHT="100.0" WC="0.9942135020442631" />
          </TextLine>
          <TextLine ID="eSc_line_7bf93170" TAGREFS="LT27" BASELINE="561 308 1823 288 2577 302" HPOS="555.0" VPOS="233.0" WIDTH="2019.0" HEIGHT="109.0">
            <Shape><Polygon POINTS="558 305 558 342 737 319 789 339 895 325 996 339 1215 322 1238 336 1249 336 1316 316 1474 328 1517 313 1739 313 1779 334 1788 334 1834 313 1900 328 1987 311 2568 328 2574 299 2571 253 2142 253 2067 233 2056 233 2036 253 1969 256 1932 256 1661 236 1581 253 1272 239 1255 256 1212 244 1203 244 1146 259 1091 244 1082 244 1008 262 921 244 864 262 783 241 771 241 740 264 555 264 558 305" /></Shape>
	    <String CONTENT="par les métiers. Pendant les années de trouble que" HPOS="555.0" VPOS="233.0" WIDTH="2019.0" HEIGHT="109.0" WC="0.9907968533039093" />
          </TextLine>
          <TextLine ID="eSc_line_ddc03a56" TAGREFS="LT27" BASELINE="552 408 1814 385 2609 391" HPOS="547.0" VPOS="328.0" WIDTH="2059.0" HEIGHT="109.0">
            <Shape><Polygon POINTS="550 406 552 437 607 423 976 432 1071 432 1172 417 1840 423 1848 414 1860 408 2033 420 2606 400 2606 388 2600 334 2324 342 2301 328 2292 328 2200 342 2113 328 2056 345 1860 334 1578 351 1370 336 1319 354 1152 339 1033 357 959 357 601 345 547 360 550 406" /></Shape>
	    <String CONTENT="l’on venait de traverser, ceux-ci avaient en réalité dis¬" HPOS="547.0" VPOS="328.0" WIDTH="2059.0" HEIGHT="109.0" />
          </TextLine>
          <TextLine ID="eSc_line_4925692a" TAGREFS="LT27" BASELINE="555 492 1779 472 2583 483" HPOS="550.0" VPOS="414.0" WIDTH="2030.0" HEIGHT="107.0">
            <Shape><Polygon POINTS="552 489 552 521 622 506 933 518 959 504 2574 504 2580 480 2574 426 2229 432 2171 414 2162 414 2113 434 2088 417 1958 432 1932 432 1779 417 1728 434 1710 420 1555 420 1529 437 1278 426 1157 440 1149 440 1103 423 1094 423 1059 440 999 429 907 443 711 426 691 446 550 446 552 489" /></Shape>
	    <String CONTENT="posé, sans intermédiaire et sans contrôle, du pouvoir" HPOS="550.0" VPOS="414.0" WIDTH="2030.0" HEIGHT="107.0" />
          </TextLine>
          <TextLine ID="eSc_line_d040988d" TAGREFS="LT27" BASELINE="547 573 2609 561" HPOS="541.0" VPOS="506.0" WIDTH="2065.0" HEIGHT="98.0">
            <Shape><Polygon POINTS="544 570 544 593 1563 604 1811 587 2085 601 2148 584 2194 601 2603 601 2606 558 2600 521 2229 506 2223 506 2188 524 1684 524 1664 509 1656 509 1537 527 1422 512 1393 515 1342 527 1307 512 1272 515 1206 527 1189 512 1059 512 668 529 541 515 544 570" /></Shape>
	    <String CONTENT="municipal. Toutes les décisions importantes avaient" HPOS="541.0" VPOS="506.0" WIDTH="2065.0" HEIGHT="98.0" WC="0.984773473739624" />
          </TextLine>
          <TextLine ID="eSc_line_6d839ff7" TAGREFS="LT27" BASELINE="555 656 2269 665 2508 673 2642 698" HPOS="550.0" VPOS="599.0" WIDTH="2090.0" HEIGHT="109.0">
            <Shape><Polygon POINTS="552 653 550 673 613 696 717 682 1085 694 1319 679 1344 696 1457 699 1753 682 1975 705 1984 705 2013 685 2030 699 2197 685 2257 705 2309 705 2511 694 2635 708 2640 696 2640 630 2304 630 2174 607 2064 627 1800 627 1759 604 1656 622 1560 604 1491 622 1471 604 1457 604 1437 619 1293 601 1235 619 1209 601 1085 616 1042 601 1033 601 987 619 947 599 938 599 892 616 552 604 552 653" /></Shape>
	    <String CONTENT="été remises à leur volonté; leurs « gouverneurs » avaient" HPOS="550.0" VPOS="599.0" WIDTH="2090.0" HEIGHT="109.0" WC="0.9877734876104763" />
          </TextLine>
          <TextLine ID="eSc_line_ffa8ff2a" TAGREFS="LT27" BASELINE="547 754 1523 748 2592 763" HPOS="541.0" VPOS="696.0" WIDTH="2048.0" HEIGHT="101.0">
            <Shape><Polygon POINTS="544 751 541 771 607 789 725 774 751 794 763 794 812 777 930 794 933 797 1010 797 1010 794 1016 794 1039 777 1160 794 1344 777 2583 797 2589 760 2586 720 2275 702 2197 720 1981 720 1964 702 1863 714 1765 699 1385 714 1330 696 544 705 544 751" /></Shape>
	    <String CONTENT="usurpé les &lt;....&gt; fonctions du magistrat. La paix de" HPOS="541.0" VPOS="696.0" WIDTH="2048.0" HEIGHT="101.0" />
          </TextLine>
          <TextLine ID="eSc_line_ae52219d" TAGREFS="LT27" BASELINE="584 852 1229 840 2603 861" HPOS="578.0" VPOS="777.0" WIDTH="2022.0" HEIGHT="121.0">
            <Shape><Polygon POINTS="581 849 578 884 800 887 864 869 933 887 950 887 1002 866 1080 887 1105 889 1137 864 1247 864 1310 892 1316 892 1483 866 1670 881 1941 869 2030 898 2185 875 2390 898 2597 889 2600 858 2597 815 2401 815 2378 794 2367 794 2321 812 2174 797 2053 809 2033 794 2021 794 1967 809 1929 789 1857 803 1679 789 1658 806 1581 786 1572 786 1523 803 1440 786 1209 800 1189 789 1186 783 1100 783 1051 797 930 780 892 800 668 800 581 777 581 849" /></Shape>
	    <String CONTENT="Jeneffe (1330) mit fin à cet état de choses. L’auto¬" HPOS="578.0" VPOS="777.0" WIDTH="2022.0" HEIGHT="121.0" />
          </TextLine>
          <TextLine ID="eSc_line_85dd1ea5" TAGREFS="LT27" BASELINE="555 944 1563 936 2563 953" HPOS="550.0" VPOS="881.0" WIDTH="2010.0" HEIGHT="106.0">
            <Shape><Polygon POINTS="552 941 550 961 578 976 590 976 610 961 636 982 645 984 800 984 843 961 889 982 898 982 947 961 1045 982 1054 982 1082 961 1376 961 1411 984 1422 984 1463 964 1710 964 1742 979 1756 979 1779 964 1802 979 1895 967 2090 984 2203 967 2226 984 2554 987 2560 950 2551 887 2491 904 2255 904 2237 887 2220 887 2171 901 2139 887 2053 901 1992 887 1892 901 1690 889 1601 887 1212 898 1111 881 1059 895 1005 895 694 881 653 895 622 881 616 881 552 895 552 941" /></Shape>
	    <String CONTENT="rité fut replacée aux mains des maîtres, des jurés" HPOS="550.0" VPOS="881.0" WIDTH="2010.0" HEIGHT="106.0" />
          </TextLine>
          <TextLine ID="eSc_line_5912b5e2" TAGREFS="LT27" BASELINE="555 1042 1846 1036 2629 1056" HPOS="552.0" VPOS="982.0" WIDTH="2074.0" HEIGHT="103.0">
            <Shape><Polygon POINTS="552 1068 783 1059 829 1071 840 1074 843 1074 846 1074 861 1071 921 1059 982 1074 1008 1077 1010 1077 1013 1077 1025 1074 1056 1059 1215 1074 1281 1080 1284 1080 1287 1080 1307 1074 1353 1062 1837 1062 1995 1080 2033 1082 2036 1085 2623 1085 2626 1054 2623 1005 1693 984 1690 984 1157 999 1126 999 1123 999 1056 982 1054 982 1051 982 1048 982 996 996 953 982 950 982 947 982 722 996 624 982 622 982 552 996 552 1039" /></Shape>
	    <String CONTENT="et des conseillers, qui seuls, désormais, eurent le droit" HPOS="552.0" VPOS="982.0" WIDTH="2074.0" HEIGHT="103.0" />
          </TextLine>
          <TextLine ID="eSc_line_b97916df" TAGREFS="LT27" BASELINE="561 1143 1598 1137 2612 1160" HPOS="555.0" VPOS="1082.0" WIDTH="2054.0" HEIGHT="101.0">
            <Shape><Polygon POINTS="558 1140 555 1157 576 1172 751 1160 1051 1175 1097 1160 1391 1177 1520 1163 1975 1183 2076 1169 2105 1183 2606 1180 2609 1157 2606 1108 2113 1091 1978 1108 1454 1085 1319 1100 1186 1082 1091 1100 673 1085 636 1097 622 1082 610 1082 558 1097 558 1140" /></Shape>
	    <String CONTENT="de convoquer la bourgeoisie en assemblées plénières." HPOS="555.0" VPOS="1082.0" WIDTH="2054.0" HEIGHT="101.0" WC="0.9967459050508646" />
          </TextLine>
          <TextLine ID="eSc_line_c14f9af8" TAGREFS="LT27" BASELINE="567 1235 2612 1252" HPOS="561.0" VPOS="1177.0" WIDTH="2048.0" HEIGHT="110.0">
            <Shape><Polygon POINTS="564 1232 561 1267 1114 1275 1117 1275 1134 1272 1209 1261 1252 1275 1264 1278 1267 1278 1270 1281 1440 1281 1440 1278 1463 1278 1586 1264 2603 1287 2609 1249 2606 1209 2067 1189 2064 1189 1658 1200 1589 1200 1586 1200 1566 1183 1563 1183 1560 1183 1558 1183 1310 1198 1275 1198 1267 1198 1209 1180 1206 1180 1203 1180 953 1195 918 1195 912 1195 889 1177 887 1177 884 1177 881 1177 878 1177 846 1192 745 1177 743 1177 564 1189 564 1232" /></Shape>
	    <String CONTENT="Les métiers cessèrent de constituer des corps politiques." HPOS="561.0" VPOS="1177.0" WIDTH="2048.0" HEIGHT="110.0" WC="0.9973736719081276" />
          </TextLine>
          <TextLine ID="eSc_line_31a601de" TAGREFS="LT27" BASELINE="564 1324 2574 1342" HPOS="558.0" VPOS="1267.0" WIDTH="2013.0" HEIGHT="109.0">
            <Shape><Polygon POINTS="561 1321 558 1342 1111 1365 1229 1350 1244 1353 1281 1368 1451 1353 1497 1368 1866 1356 2007 1373 2128 1359 2237 1376 2568 1373 2571 1339 2563 1281 2525 1296 2465 1281 2453 1281 2436 1298 2318 1298 2154 1278 1932 1293 1872 1275 1739 1290 1215 1287 1192 1270 959 1284 895 1267 887 1267 858 1281 829 1281 676 1267 561 1278 561 1321" /></Shape>
	    <String CONTENT="Le conseil urbain se composa à l’avenir de quatre¬" HPOS="558.0" VPOS="1267.0" WIDTH="2013.0" HEIGHT="109.0" />
          </TextLine>
          <TextLine ID="eSc_line_b48891c5" TAGREFS="LT27" BASELINE="555 1425 1368 1425 2583 1451" HPOS="550.0" VPOS="1362.0" WIDTH="2030.0" HEIGHT="121.0">
            <Shape><Polygon POINTS="552 1422 550 1437 823 1463 984 1445 1298 1448 1321 1468 1333 1468 1370 1451 1416 1471 1532 1454 1615 1474 1753 1457 1912 1477 1978 1465 2007 1463 2286 1483 2577 1477 2580 1448 2577 1405 2188 1402 2131 1382 1992 1396 1969 1379 1768 1391 1601 1373 1595 1373 1560 1388 1353 1370 1085 1382 1002 1365 835 1379 817 1365 817 1362 806 1362 763 1376 619 1362 552 1373 552 1422" /></Shape>
	    <String CONTENT="vingts personnes choisies dans les six « vinaves » (voisi¬" HPOS="550.0" VPOS="1362.0" WIDTH="2030.0" HEIGHT="121.0" />
          </TextLine>
          <TextLine ID="eSc_line_ccdb4d89" TAGREFS="LT27" BASELINE="564 1512 2589 1540" HPOS="558.0" VPOS="1454.0" WIDTH="2028.0" HEIGHT="118.0">
            <Shape><Polygon POINTS="561 1512 558 1529 786 1558 792 1558 840 1537 930 1552 936 1552 964 1537 1189 1555 1270 1543 1319 1563 1442 1543 1684 1569 1912 1555 2580 1572 2586 1537 2583 1494 1759 1488 1670 1465 1506 1483 1465 1463 1310 1474 1232 1460 1152 1474 1120 1460 1111 1460 1074 1477 1059 1477 936 1457 673 1471 613 1454 604 1454 561 1468 561 1512" /></Shape>
	    <String CONTENT="nages) de la cité. De plus, la prépondérance exclusi¬" HPOS="558.0" VPOS="1454.0" WIDTH="2028.0" HEIGHT="118.0" />
          </TextLine>
          <TextLine ID="eSc_line_0ffd89f8" TAGREFS="LT27" BASELINE="564 1604 2609 1621" HPOS="558.0" VPOS="1552.0" WIDTH="2048.0" HEIGHT="106.0">
            <Shape><Polygon POINTS="561 1601 558 1621 604 1644 616 1644 636 1630 745 1644 889 1627 936 1627 1235 1644 1313 1632 1333 1632 1379 1650 1693 1638 1730 1653 1739 1653 1797 1635 1992 1656 2148 1638 2289 1658 2442 1644 2600 1653 2606 1618 2606 1581 2390 1563 2280 1578 2243 1560 1926 1575 1846 1558 1800 1572 1774 1572 1641 1558 1526 1569 1506 1555 1494 1555 1437 1569 1290 1555 1241 1566 1224 1552 1212 1552 1175 1566 993 1552 950 1566 561 1560 561 1601" /></Shape>
	    <String CONTENT="ve qui s'étaient arrogée des artisans fut brisée. Toutes" HPOS="558.0" VPOS="1552.0" WIDTH="2048.0" HEIGHT="106.0" />
          </TextLine>
          <TextLine ID="eSc_line_b21cd0b0" TAGREFS="LT27" BASELINE="552 1713 832 1702 2399 1710 2626 1745" HPOS="550.0" VPOS="1647.0" WIDTH="2073.0" HEIGHT="121.0">
            <Shape><Polygon POINTS="550 1710 550 1739 832 1728 901 1753 912 1753 947 1728 1186 1728 1275 1751 1310 1756 1402 1759 1486 1736 1523 1756 1572 1745 1779 1759 1785 1759 1823 1739 1958 1736 1992 1762 2001 1765 2053 1765 2053 1762 2059 1762 2085 1739 2136 1751 2214 1736 2309 1759 2517 1748 2537 1765 2543 1765 2545 1768 2620 1768 2623 1742 2623 1676 2488 1676 2488 1673 2471 1658 2125 1670 2096 1656 2090 1656 1915 1670 1880 1670 1771 1653 1512 1667 1399 1650 1356 1664 1177 1650 1108 1664 1091 1664 990 1647 936 1661 760 1647 754 1647 722 1661 671 1647 550 1658 550 1710" /></Shape>
	    <String CONTENT="les magistratures furent réparties par moitié entre" HPOS="550.0" VPOS="1647.0" WIDTH="2073.0" HEIGHT="121.0" />
          </TextLine>
          <TextLine ID="eSc_line_a78c83fa" TAGREFS="LT27" BASELINE="561 1805 1618 1811" HPOS="555.0" VPOS="1745.0" WIDTH="1060.0" HEIGHT="103.0">
            <Shape><Polygon POINTS="555 1825 567 1834 682 1828 699 1843 699 1846 708 1848 789 1848 843 1823 982 1840 1235 1825 1301 1848 1391 1831 1560 1843 1612 1823 1615 1808 1615 1765 1584 1748 1094 1765 1068 1745 1019 1753 987 1765 705 1765 633 1745 622 1745 596 1762 561 1745 555 1825" /></Shape>
	    <String CONTENT="les « grands » et les « petits ».¬" HPOS="555.0" VPOS="1745.0" WIDTH="1060.0" HEIGHT="103.0" />
          </TextLine>
          <TextLine ID="eSc_line_43888cf0" TAGREFS="LT27" BASELINE="616 1915 2632 1897" HPOS="610.0" VPOS="1837.0" WIDTH="2019.0" HEIGHT="109.0">
            <Shape><Polygon POINTS="613 1912 613 1929 912 1941 1094 1926 1264 1944 1319 1929 1615 1946 1713 1920 1768 1941 1912 1944 2079 1941 2116 1920 2381 1938 2401 1938 2433 1920 2450 1938 2459 1941 2626 1941 2629 1895 2615 1837 2586 1857 2545 1840 2465 1857 2301 1837 2263 1860 2177 1840 2157 1840 2131 1863 1955 1863 1915 1848 1903 1848 1880 1866 1365 1866 1304 1846 1175 1869 1054 1854 895 1872 864 1851 852 1851 803 1866 610 1854 613 1912" /></Shape>
	    <String CONTENT="Il est incontestable que cette organisation ne fut" HPOS="610.0" VPOS="1837.0" WIDTH="2019.0" HEIGHT="109.0" WC="0.9923554515838623" />
          </TextLine>
          <TextLine ID="eSc_line_3fac5ed9" TAGREFS="LT27" BASELINE="561 1998 898 1987 2615 1995" HPOS="558.0" VPOS="1935.0" WIDTH="2054.0" HEIGHT="92.0">
            <Shape><Polygon POINTS="558 1995 558 2024 665 2010 823 2010 840 2024 843 2024 846 2024 849 2024 852 2024 918 2010 1002 2024 1008 2024 1010 2024 1031 2024 1226 2013 1241 2024 1244 2027 1247 2027 1249 2027 1252 2027 1290 2024 1385 2013 1428 2024 1445 2027 1448 2027 1451 2027 2609 2018 2612 1992 2609 1955 1920 1955 1906 1952 1800 1938 1797 1938 1120 1949 1056 1949 1048 1949 956 1935 953 1935 558 1946 558 1995" /></Shape>
	    <String CONTENT="pas une mesure de réaction violente, improvisée par" HPOS="558.0" VPOS="1935.0" WIDTH="2054.0" HEIGHT="92.0" WC="0.994600868692585" />
          </TextLine>
          <TextLine ID="eSc_line_bd914009" TAGREFS="LT27" BASELINE="550 2079 2635 2090" HPOS="544.0" VPOS="2024.0" WIDTH="2088.0" HEIGHT="104.0">
            <Shape><Polygon POINTS="547 2076 544 2105 1399 2105 1497 2119 1586 2105 1627 2122 2079 2108 2185 2125 2188 2128 2629 2128 2632 2050 2165 2033 2122 2047 2111 2047 2067 2030 2004 2044 1920 2030 1900 2047 1595 2047 1584 2041 1512 2027 1405 2041 1281 2027 1146 2041 855 2041 823 2024 815 2024 774 2039 760 2024 751 2024 547 2036 547 2076" /></Shape>
	    <String CONTENT="les vainqueurs dans leur seul intérêt. On y surprend" HPOS="544.0" VPOS="2024.0" WIDTH="2088.0" HEIGHT="104.0" WC="0.9956964816038425" />
          </TextLine>
          <TextLine ID="eSc_line_80c05d2b" TAGREFS="LT27" BASELINE="567 2168 2474 2177 2534 2135 2534 2137 2531 2177 2635 2177" HPOS="561" VPOS="2113" WIDTH="2071" HEIGHT="90">
            <Shape><Polygon POINTS="561 2200 2626 2203 2632 2174 2629 2136 2396 2119 2393 2119 2390 2119 2387 2119 2370 2134 2370 2136 2220 2136 2214 2134 2165 2119 2162 2119 2160 2119 2018 2134 1995 2134 1984 2134 1900 2116 1897 2116 1753 2131 1748 2131 1745 2131 1676 2116 1673 2116 1552 2131 1540 2131 1526 2131 1385 2116 1382 2116 984 2128 959 2128 956 2128 936 2113 933 2113 930 2113 927 2113 924 2113 881 2128 878 2128 866 2128 728 2113 725 2113 564 2125 564 2165" /></Shape>
	    <String CONTENT="très &lt;.........&gt; clairement le dessein d’établir l' &lt;..&gt;" HPOS="561" VPOS="2113" WIDTH="2071" HEIGHT="90" />
          </TextLine>
          <TextLine ID="eSc_line_4614c472" TAGREFS="LT27" BASELINE="573 2260 2626 2275" HPOS="567.0" VPOS="2206.0" WIDTH="2056.0" HEIGHT="95.0">
            <Shape><Polygon POINTS="570 2257 567 2295 2617 2301 2623 2272 2620 2226 570 2206 570 2257" /></Shape>
	    <String CONTENT="équilibre &lt;.....&gt; des institutions, en mettant celles-ci" HPOS="567.0" VPOS="2206.0" WIDTH="2056.0" HEIGHT="95.0" />
          </TextLine>
          <TextLine ID="eSc_line_aacd9ec7" TAGREFS="LT27" BASELINE="573 2358 2177 2370 2626 2387" HPOS="567.0" VPOS="2304.0" WIDTH="2056.0" HEIGHT="112.0">
            <Shape><Polygon POINTS="570 2355 567 2387 2617 2416 2623 2384 2620 2338 2373 2338 2355 2321 2278 2332 2223 2315 2016 2329 1840 2315 1788 2329 1768 2312 1569 2327 1382 2306 1163 2324 1094 2306 1085 2306 1056 2321 947 2304 907 2309 852 2321 823 2304 570 2304 570 2355" /></Shape>
	    <String CONTENT="hors des atteintes du peuple et en y faisant coopérer" HPOS="567.0" VPOS="2304.0" WIDTH="2056.0" HEIGHT="112.0" />
          </TextLine>
          <TextLine ID="eSc_line_63504c20" TAGREFS="LT27" BASELINE="558 2456 1601 2456 2594 2473" HPOS="555.0" VPOS="2396.0" WIDTH="2037.0" HEIGHT="112.0">
            <Shape><Polygon POINTS="555 2453 555 2491 760 2476 1022 2496 1031 2496 1048 2482 1149 2494 1186 2479 1200 2496 1212 2496 1272 2482 1460 2499 1546 2482 1650 2502 1748 2485 1805 2502 1895 2485 2073 2505 2197 2488 2502 2508 2589 2488 2592 2471 2589 2419 2085 2422 2018 2407 1967 2422 1895 2404 1883 2404 1863 2422 1693 2422 1670 2404 1604 2416 1414 2401 1350 2416 1264 2401 1203 2416 1169 2399 840 2413 748 2396 555 2410 555 2453" /></Shape>
	    <String CONTENT="également les deux partis&lt;.&gt; entre lesquels se divi¬" HPOS="555.0" VPOS="2396.0" WIDTH="2037.0" HEIGHT="112.0" />
          </TextLine>
          <TextLine ID="eSc_line_80347975" TAGREFS="LT27" BASELINE="570 2548 2617 2560" HPOS="564.0" VPOS="2491.0" WIDTH="2051.0" HEIGHT="98.0">
            <Shape><Polygon POINTS="567 2545 564 2566 840 2586 843 2589 1045 2589 1045 2586 1077 2571 1175 2589 1316 2574 1353 2574 1540 2589 1592 2574 1653 2589 2612 2586 2615 2557 2612 2517 2381 2499 2373 2499 2355 2517 2108 2517 2053 2496 1987 2511 1972 2496 1733 2511 1696 2511 1627 2496 1595 2511 1584 2511 1526 2494 1382 2508 1284 2494 979 2505 959 2491 947 2491 915 2505 843 2491 809 2505 763 2491 567 2502 567 2545" /></Shape>
	    <String CONTENT="sait la population. Pourtant, elle &lt;..&gt; devait trom¬" HPOS="564.0" VPOS="2491.0" WIDTH="2051.0" HEIGHT="98.0" />
          </TextLine>
          <TextLine ID="eSc_line_740e0a26" TAGREFS="LT27" BASELINE="564 2655 1356 2646 2586 2672" HPOS="561.0" VPOS="2580.0" WIDTH="2022.0" HEIGHT="118.0">
            <Shape><Polygon POINTS="561 2652 561 2678 737 2666 817 2681 840 2681 984 2669 1846 2695 1984 2681 2168 2698 2580 2689 2583 2669 2583 2626 2304 2609 2214 2620 2197 2606 2108 2620 2090 2620 2027 2594 2018 2594 1941 2617 1918 2597 1918 2594 1843 2592 1693 2612 1601 2589 1465 2606 1396 2589 1296 2606 1134 2592 1108 2609 1094 2609 959 2586 832 2603 768 2580 757 2580 728 2603 627 2589 561 2600 561 2652" /></Shape>
	    <String CONTENT="per les attentes de ses auteurs. Non seulement les" HPOS="561.0" VPOS="2580.0" WIDTH="2022.0" HEIGHT="118.0" />
          </TextLine>
          <TextLine ID="eSc_line_d22e3367" TAGREFS="LT27" BASELINE="564 2744 2594 2759" HPOS="558.0" VPOS="2695.0" WIDTH="2034.0" HEIGHT="101.0">
            <Shape><Polygon POINTS="561 2741 558 2761 622 2779 624 2779 627 2779 889 2767 930 2767 936 2767 970 2784 973 2784 976 2784 1249 2773 1356 2770 1434 2776 1555 2787 1558 2787 1560 2787 1589 2779 1609 2773 1681 2782 1779 2790 1782 2790 1961 2784 2145 2779 2183 2787 2203 2793 2206 2793 2208 2796 2589 2796 2592 2756 2589 2712 561 2695 561 2741" /></Shape>
	    <String CONTENT="métiers ne pouvaient consentir, après avoir &lt;......&gt;" HPOS="558.0" VPOS="2695.0" WIDTH="2034.0" HEIGHT="101.0" />
          </TextLine>
          <TextLine ID="eSc_line_c920cc7c" TAGREFS="LT27" BASELINE="573 2836 2387 2845 2640 2865" HPOS="570.0" VPOS="2776.0" WIDTH="2068.0" HEIGHT="124.0">
            <Shape><Polygon POINTS="570 2833 570 2885 708 2856 866 2888 869 2891 1005 2891 1005 2888 1010 2888 1042 2859 1157 2859 1270 2880 1488 2862 1653 2882 1690 2862 1788 2897 1860 2897 1860 2894 1866 2894 1903 2868 1992 2868 2027 2894 2036 2897 2111 2897 2111 2894 2116 2894 2139 2874 2401 2868 2505 2897 2508 2900 2635 2900 2638 2862 2638 2805 2453 2787 2237 2802 2197 2802 2108 2784 1762 2799 1707 2799 1609 2782 1267 2796 1241 2779 792 2790 777 2779 777 2776 763 2776 743 2793 570 2793 570 2833" /></Shape>
	    <String CONTENT="goûté la forte saveur de la vie politique, à n’être plus" HPOS="570.0" VPOS="2776.0" WIDTH="2068.0" HEIGHT="124.0" />
          </TextLine>
          <TextLine ID="eSc_line_f47856d6" TAGREFS="LT27" BASELINE="578 2943 1324 2934 2606 2946" HPOS="576.0" VPOS="2888.0" WIDTH="2027.0" HEIGHT="92.0">
            <Shape><Polygon POINTS="576 2940 576 2975 679 2960 970 2960 990 2975 993 2975 996 2975 999 2975 1008 2975 1195 2963 1212 2975 1215 2977 1218 2977 1221 2977 1224 2977 1252 2975 1356 2963 1408 2975 1425 2977 1428 2977 1497 2975 1713 2963 1828 2975 1895 2980 1897 2980 2001 2975 2128 2966 2145 2975 2160 2980 2162 2980 2165 2980 2168 2980 2197 2975 2229 2966 2252 2975 2272 2980 2275 2980 2278 2980 2600 2972 2603 2943 2597 2888 576 2894 576 2940" /></Shape>
	    <String CONTENT="que de simples corporations industrielles, mais le" HPOS="576.0" VPOS="2888.0" WIDTH="2027.0" HEIGHT="92.0" WC="0.9972015821933746" />
          </TextLine>
          <TextLine ID="eSc_line_ba74b34e" TAGREFS="LT27" BASELINE="570 3038 2615 3049" HPOS="567.0" VPOS="2980.0" WIDTH="2045.0" HEIGHT="104.0">
            <Shape><Polygon POINTS="567 3035 567 3072 1005 3058 1088 3078 1091 3081 1229 3081 1229 3078 1270 3061 1327 3078 1543 3061 1805 3081 1811 3081 1848 3064 2044 3064 2099 3084 2609 3075 2612 3047 2609 3009 2479 2992 2471 2992 2456 3006 2424 2989 2413 2989 2390 3009 2105 3009 2062 3000 1961 2989 1952 2989 1929 3006 1791 3006 1638 2986 1630 2986 1615 3000 1592 2983 1396 3003 1140 3003 1080 2980 1068 2980 1042 2998 987 2980 907 2998 567 2986 567 3035" /></Shape>
	    <String CONTENT="patriciat liégeois était devenu incapable de rem¬" HPOS="567.0" VPOS="2980.0" WIDTH="2045.0" HEIGHT="104.0" />
          </TextLine>
          <TextLine ID="eSc_line_57d2f0d3" TAGREFS="LT27" BASELINE="578 3127 2632 3133" HPOS="576.0" VPOS="3078.0" WIDTH="2053.0" HEIGHT="95.0">
            <Shape><Polygon POINTS="576 3124 576 3168 665 3153 806 3153 843 3168 849 3170 852 3170 855 3170 869 3168 944 3153 1033 3168 1054 3170 1056 3170 1071 3168 1128 3156 1296 3168 1310 3168 1313 3168 1316 3168 1319 3168 1342 3153 1388 3168 1391 3168 1393 3168 1396 3168 1425 3153 1532 3168 1540 3168 1543 3168 1546 3168 1549 3168 1604 3153 1676 3168 1710 3173 1713 3173 2626 3165 2629 3130 2626 3090 576 3078 576 3124" /></Shape>
	    <String CONTENT="plir le rôle auquel &lt;..&gt; il était destiné. Déchu de son" HPOS="576.0" VPOS="3078.0" WIDTH="2053.0" HEIGHT="95.0" />
          </TextLine>
          <TextLine ID="eSc_line_8bc766ea" TAGREFS="LT27" BASELINE="587 3228 1537 3222 2422 3228 2606 3240" HPOS="581.0" VPOS="3188.0" WIDTH="2022.0" HEIGHT="80.0">
            <Shape><Polygon POINTS="584 3225 581 3245 630 3265 864 3248 904 3248 990 3265 993 3268 1120 3268 1120 3265 1126 3265 1152 3248 1336 3265 1408 3248 1460 3265 1627 3263 1647 3248 1739 3248 1776 3265 1817 3260 1869 3248 1909 3265 1918 3265 1958 3251 2203 3263 2278 3248 2597 3265 2603 3240 2600 3188 584 3188 584 3225" /></Shape>
	    <String CONTENT="ancienne puissance depuis les événements de 1312," HPOS="581.0" VPOS="3188.0" WIDTH="2022.0" HEIGHT="80.0" />
          </TextLine>
          <TextLine ID="eSc_line_8d2a6a9e" TAGREFS="LT27" BASELINE="578 3332 2603 3332" HPOS="576.0" VPOS="3286.0" WIDTH="2024.0" HEIGHT="92.0">
            <Shape><Polygon POINTS="576 3329 576 3355 743 3375 745 3378 941 3378 941 3375 944 3375 982 3358 1042 3375 1045 3375 1048 3375 1146 3358 1152 3358 1154 3358 1192 3375 1195 3375 1198 3378 1327 3378 1327 3375 1330 3375 1333 3375 1350 3358 1353 3358 1359 3358 1442 3375 1445 3378 1690 3378 1690 3375 1693 3375 1751 3360 1762 3358 1831 3360 2165 3375 2168 3378 2286 3378 2286 3375 2289 3375 2292 3375 2312 3360 2318 3358 2327 3360 2364 3375 2367 3375 2370 3375 2600 3360 2600 3329 2600 3288 576 3286 576 3329" /></Shape>
	    <String CONTENT="il n’avait pu réparer ses pertes et s'infuser un" HPOS="576.0" VPOS="3286.0" WIDTH="2024.0" HEIGHT="92.0" />
          </TextLine>
        </TextBlock>
      </PrintSpace>
    </Page>
  </Layout>
</alto>