2713 3468
2490.0 2.0 139.0 99.0 203

497.0 86.0 2155.0 110.0 Bouchers, boulangers, forgerons, menuisiers, cordonniers etc.

503.0 208.0 2163.0 92.0 continuent à posséder le privilège de subvenir seuls aux né¬

506.0 300.0 2157.0 113.0 cessités journalières de la population. <.................>

494.0 410.0 2129.0 101.0 <........................................> Repoussés

497.0 505.0 2135.0 110.0 de la grande industrie par le travail rural, les métiers

485.0 606.0 2181.0 107.0 n’en cherchent que davantage à conserver le domaine qui

477.0 684.0 2172.0 136.0 leur reste. Dans ce but, les règlements se multiplient et leur

483.0 788.0 2175.0 116.0 minutie s’accentue sans cesse. Les corporations se parta¬

1934.0 872.0 307.0 64.0 demeure

497.0 887.0 2155.0 107.0 gent jalousement le champ étroit qui <.....> soumis à leur

480.0 971.0 2117.0 118.0 exploitation. Chacune d’elles épie ses voisines et, à la

483.0 1066.0 2172.0 110.0 moindre transgression de ses droits, leur intente d’in¬

494.0 1158.0 2166.0 107.0 terminables procès. Entre les tourneurs et les menuisiers,

491.0 1242.0 2178.0 127.0 les tonneliers et les charpentiers, les corroyeurs et les bourre¬

497.0 1335.0 2178.0 124.0 liers, bref entre tous les groupes d’artisans qui vivent du mar¬

500.0 1424.0 2155.0 130.0 ché urbain, les contestations sont incessantes. En même

503.0 1520.0 2149.0 121.0 temps, le métier se replie pour ainsi dire sur lui-même

488.0 1632.0 2175.0 90.0 et se fait de moins en moins accueillant aux nouveaux

491.0 1722.0 2155.0 95.0 venus. <........> La maîtrise tend à devenir héréditaire

491.0 1823.0 2169.0 98.0 et les simples compagnons ne peuvent plus que bien rarement

497.0 1916.0 2158.0 101.0 y arriver, placée qu’elle est désormais en dehors de leurs at¬

494.0 2008.0 2143.0 104.0 teintes par les taxes exorbitantes qu’il faut payer pour

2409.0 2072.0 188.0 78.0 scinde

488.0 2103.0 2167.0 99.0 l’acquérir. Peu à peu, le corps des artisans locaux se <......> en

497.0 2207.0 2085.0 99.0 deux groupes bien distincts : au dessus, une véritable

497.0 2303.0 2169.0 95.0 aristocratie bourgeoise réalisant dans la sécurité de la

500.0 2392.0 2134.0 102.0 protection des bénéfices abondants et faciles; en dessous,

477.0 2494.0 2183.0 95.0 une classe de travailleurs-domestiques, partageant le la¬

491.0 2580.0 2175.0 104.0 beur des maîtres, en général bien traités par eux mais aux¬

497.0 2670.0 2161.0 104.0 quels est enlevé tout espoir d’améliorer jamais leur condi¬

503.0 2768.0 2111.0 101.0 tion. La vie corporative, dans la phase nouvelle où elle

494.0 2869.0 2114.0 110.0 est entrée a perdu la vigueur et l’énergie qu’elle avait

497.0 2976.0 2082.0 90.0 déployées au Moyen Âge. Attentifs à leurs seuls intérêts, les

1839.0 3051.0 257.0 61.0 charges

480.0 3072.0 2175.0 98.0 maîtres cherchent à s’épargner les <........> qu'elle entraine

483.0 3155.0 2183.0 107.0 Il faut que le pouvoir public intervienne souvent pour

491.0 3251.0 2178.0 107.0 les forcer à accepter les fonctions de « rewards » ou de « vinders »
