<?xml version='1.0' encoding='utf-8'?>
<alto xmlns="http://www.loc.gov/standards/alto/ns-v4#" xmlns:xsi="http://www.w3.org/2001/XMLSchema-instance" xsi:schemaLocation="http://www.loc.gov/standards/alto/ns-v4# http://www.loc.gov/standards/alto/v4/alto-4-2.xsd">
  <Description>
    <MeasurementUnit>pixel</MeasurementUnit>
    <sourceImageInformation>
      <fileName>ARCH-DIV-000494_0101.png</fileName>
    </sourceImageInformation>
  </Description>
  <Tags>
    <OtherTag ID="BT37" LABEL="MainZone" DESCRIPTION="block type MainZone" /><OtherTag ID="BT38" LABEL="MarginTextZone" DESCRIPTION="block type MarginTextZone" /><OtherTag ID="BT39" LABEL="NumberingZone" DESCRIPTION="block type NumberingZone" /><OtherTag ID="BT40" LABEL="TitlePageZone" DESCRIPTION="block type TitlePageZone" /><OtherTag ID="BT41" LABEL="CustomZone:Numbering" DESCRIPTION="block type CustomZone:Numbering" /><OtherTag ID="BT48" LABEL="MarginTextZone:lower" DESCRIPTION="block type MarginTextZone:lower" /><OtherTag ID="BT84" LABEL="MarginTextZone:low" DESCRIPTION="block type MarginTextZone:low" />
    <OtherTag ID="LT26" LABEL="default" DESCRIPTION="line type default" /><OtherTag ID="LT27" LABEL="DefaultLine" DESCRIPTION="line type DefaultLine" /><OtherTag ID="LT28" LABEL="HeadingLine" DESCRIPTION="line type HeadingLine" /><OtherTag ID="LT29" LABEL="InterlinearLine:addition" DESCRIPTION="line type InterlinearLine:addition" /><OtherTag ID="LT30" LABEL="InterlinearLine:correction" DESCRIPTION="line type InterlinearLine:correction" />
  </Tags>
  <Layout>
    <Page WIDTH="2713" HEIGHT="3486" PHYSICAL_IMG_NR="96" ID="eSc_dummypage_">
      <PrintSpace HPOS="0" VPOS="0" WIDTH="2713" HEIGHT="3486">
        <TextBlock HPOS="2481.0" VPOS="33.0" WIDTH="166.0" HEIGHT="69.0" ID="eSc_textblock_f859033e" TAGREFS="BT39">
          <Shape><Polygon POINTS="2481 33 2481 102 2647 102 2647 33" /></Shape>
          <TextLine ID="eSc_line_dd520d76" TAGREFS="LT27" BASELINE="2499 72 2635 78" HPOS="2494" VPOS="20" WIDTH="140" HEIGHT="102">
            <Shape><Polygon POINTS="2494 81 2512 95 2527 122 2618 122 2631 81 2634 75 2631 20 2497 23 2497 69" /></Shape>
	    <String CONTENT="93" HPOS="2494" VPOS="20" WIDTH="140" HEIGHT="102" />
          </TextLine>
        </TextBlock>
        <TextBlock HPOS="392.0" VPOS="57.0" WIDTH="2284.0" HEIGHT="3406.0" ID="eSc_textblock_1307894a" TAGREFS="BT37">
          <Shape><Polygon POINTS="392 97 531 3463 2666 3449 2676 109 2581 104 2472 103 2457 57" /></Shape>
          <TextLine ID="eSc_line_c9782ef1" TAGREFS="LT27" BASELINE="601 127 1866 104 2634 116" HPOS="596.0" VPOS="34.0" WIDTH="2035.0" HEIGHT="125.0">
            <Shape><Polygon POINTS="2602 110 2515 110 2486 92 2474 66 2236 66 2151 34 1843 34 1843 37 1817 58 1817 61 1698 72 1663 49 1526 37 1416 61 1337 40 1212 43 1145 69 1070 55 1032 78 933 66 883 81 820 58 811 58 747 78 596 49 599 156 761 142 808 159 820 159 849 136 930 136 956 156 965 159 1099 159 1099 156 1221 130 1544 130 1645 151 1651 151 1698 130 1733 142 1887 127 1913 145 1927 145 1948 127 2460 145 2628 119 2631 113 2602 110" /></Shape>
	    <String CONTENT="annonce par ses tintements le commence¬" HPOS="596.0" VPOS="34.0" WIDTH="2035.0" HEIGHT="125.0" />
          </TextLine>
          <TextLine ID="eSc_line_bbaee69d" TAGREFS="LT27" BASELINE="604 223 1634 200 2628 194" HPOS="599.0" VPOS="148.0" WIDTH="2026.0" HEIGHT="96.0">
            <Shape><Polygon POINTS="601 220 601 244 2625 220 2625 191 2617 148 599 171 601 220" /></Shape>
	    <String CONTENT="ment de la besogne, le court intervalle des" HPOS="599.0" VPOS="148.0" WIDTH="2026.0" HEIGHT="96.0" />
          </TextLine>
          <TextLine ID="eSc_line_2904523c" TAGREFS="LT27" BASELINE="622 328 1552 299 2631 299" HPOS="616.0" VPOS="235.0" WIDTH="2012.0" HEIGHT="125.0">
            <Shape><Polygon POINTS="619 325 619 360 982 334 1157 351 1311 328 1410 328 1462 348 1471 348 1535 322 1924 322 1965 342 2082 342 2082 339 2209 322 2317 336 2387 313 2410 328 2622 331 2628 296 2622 246 2526 252 2471 235 2462 235 2398 255 2003 258 1919 238 1829 264 1677 264 1488 244 1328 246 1296 267 1043 249 1014 270 968 252 959 252 910 273 796 261 616 278 619 325" /></Shape>
	    <String CONTENT="repas et la fin de la journée. La paie est distri¬" HPOS="616.0" VPOS="235.0" WIDTH="2012.0" HEIGHT="125.0" />
          </TextLine>
          <TextLine ID="eSc_line_f7a5a2a1" TAGREFS="LT27" BASELINE="622 415 1462 397 2585 397" HPOS="616.0" VPOS="331.0" WIDTH="1966.0" HEIGHT="116.0">
            <Shape><Polygon POINTS="619 412 619 447 846 444 875 429 988 444 1017 427 1203 441 1410 424 1590 438 1596 438 1628 424 1648 438 1657 438 1939 421 1983 435 2297 421 2483 432 2579 412 2582 395 2573 331 2494 351 2326 339 2154 354 1834 336 1773 357 1738 339 1730 339 1680 357 1485 339 1427 357 1404 342 1392 342 1352 360 950 345 933 363 654 345 616 363 619 412" /></Shape>
	    <String CONTENT="buée le samedi soir : elle doit être en argent" HPOS="616.0" VPOS="331.0" WIDTH="1966.0" HEIGHT="116.0" />
          </TextLine>
          <TextLine ID="eSc_line_7d80fe78" TAGREFS="LT27" BASELINE="619 508 1808 490 2619 493" HPOS="613.0" VPOS="435.0" WIDTH="2004.0" HEIGHT="114.0">
            <Shape><Polygon POINTS="616 505 616 549 747 525 892 549 974 522 1061 522 1128 546 1363 543 1410 525 1541 543 1602 517 1706 531 1724 514 2018 514 2050 537 2084 534 2166 517 2262 534 2265 537 2340 537 2340 534 2352 531 2378 514 2439 534 2614 525 2617 490 2611 441 2108 450 2009 435 1843 453 1698 438 1605 453 1567 456 974 444 939 458 933 464 613 464 616 505" /></Shape>
	    <String CONTENT="suivant les règlements municipaux, ce qui" HPOS="613.0" VPOS="435.0" WIDTH="2004.0" HEIGHT="114.0" WC="0.9800123170018196" />
          </TextLine>
          <TextLine ID="eSc_line_16d2a147" TAGREFS="LT27" BASELINE="619 610 1826 598 2646 607" HPOS="613.0" VPOS="537.0" WIDTH="2030.0" HEIGHT="110.0">
            <Shape><Polygon POINTS="616 607 616 639 697 624 744 644 753 644 817 627 851 647 956 647 956 644 962 644 988 624 1035 639 1061 644 1273 624 1430 639 1485 639 1657 621 1762 642 1770 642 1776 636 1805 621 2087 621 2119 642 2128 644 2369 644 2375 642 2401 618 2512 618 2637 633 2643 604 2640 554 2567 540 2523 557 2474 537 2468 537 2314 560 2271 540 2125 540 2050 560 2018 540 1701 540 1616 560 1512 540 1512 543 1485 563 1331 543 1302 566 1218 566 1168 543 1160 543 1110 563 1046 543 1035 543 1003 566 613 566 616 607" /></Shape>
	    <String CONTENT="n’empêche pas les abus du Truk-System de don¬" HPOS="613.0" VPOS="537.0" WIDTH="2030.0" HEIGHT="110.0" />
          </TextLine>
          <TextLine ID="eSc_line_60b63578" TAGREFS="LT27" BASELINE="619 717 2634 703" HPOS="613.0" VPOS="639.0" WIDTH="2018.0" HEIGHT="113.0">
            <Shape><Polygon POINTS="616 714 619 752 665 734 814 749 820 749 854 734 1000 749 1023 749 1093 732 1227 746 1241 746 1293 732 1421 743 1421 740 1436 729 1561 743 1837 726 1956 740 2349 737 2378 723 2422 737 2628 732 2631 700 2625 662 2471 639 2462 639 2433 659 2317 647 2207 662 2180 647 2050 662 1988 642 1980 642 1916 662 1817 642 1753 665 1564 644 1555 644 1532 665 1078 647 1011 671 936 650 822 671 613 671 616 714" /></Shape>
	    <String CONTENT="ner lieu à des plaintes réitérées. Ainsi, les tis¬" HPOS="613.0" VPOS="639.0" WIDTH="2018.0" HEIGHT="113.0" />
          </TextLine>
          <TextLine ID="eSc_line_dfee70af" TAGREFS="LT27" BASELINE="613 816 1546 798 2657 804" HPOS="607.0" VPOS="740.0" WIDTH="2047.0" HEIGHT="105.0">
            <Shape><Polygon POINTS="610 813 610 845 988 845 988 842 1052 827 1189 845 1215 825 1320 825 1770 842 1881 822 2050 822 2111 839 2305 822 2375 839 2654 836 2651 755 2587 740 2436 758 2425 758 2398 740 2093 740 2020 758 1980 740 1968 740 1945 758 1855 746 1840 764 1669 764 1573 743 1448 761 1355 743 1270 761 1230 743 1224 743 1043 766 607 766 610 813" /></Shape>
	    <String CONTENT="serands les foulons et en général tous les groupes" HPOS="607.0" VPOS="740.0" WIDTH="2047.0" HEIGHT="105.0" />
          </TextLine>
          <TextLine ID="eSc_line_3210e828" TAGREFS="LT27" BASELINE="616 912 1195 894 2622 883" HPOS="610.0" VPOS="830.0" WIDTH="2009.0" HEIGHT="102.0">
            <Shape><Polygon POINTS="613 909 613 932 2617 915 2619 880 2614 842 2180 830 2177 830 2061 845 950 845 947 845 610 862 613 909" /></Shape>
	    <String CONTENT="si variés de travailleurs occupés par la draperie" HPOS="610.0" VPOS="830.0" WIDTH="2009.0" HEIGHT="102.0" WC="0.9994472569348861" />
          </TextLine>
          <TextLine ID="eSc_line_4e09dc38" TAGREFS="LT27" BASELINE="628 996 2646 978" HPOS="622.0" VPOS="938.0" WIDTH="2021.0" HEIGHT="93.0">
            <Shape><Polygon POINTS="625 993 625 1031 726 1013 1078 1025 1102 1025 1104 1025 1113 1025 1209 1010 1227 1022 1227 1025 1230 1025 1232 1025 1235 1025 1267 1022 1419 1008 1567 1019 1625 1022 1628 1022 1724 1016 1898 1005 2640 1005 2643 976 2634 938 622 955 625 993" /></Shape>
	    <String CONTENT="forment une classe à part au milieu des autres" HPOS="622.0" VPOS="938.0" WIDTH="2021.0" HEIGHT="93.0" WC="0.994702327510585" />
          </TextLine>
          <TextLine ID="eSc_line_a5225f76" TAGREFS="LT27" BASELINE="625 1092 2622 1077" HPOS="619.0" VPOS="1019.0" WIDTH="2000.0" HEIGHT="108.0">
            <Shape><Polygon POINTS="622 1089 625 1127 692 1109 814 1109 834 1124 843 1124 1070 1106 1413 1121 1421 1121 1482 1103 1811 1118 2227 1098 2614 1112 2619 1074 2611 1019 2297 1037 2253 1022 2227 1019 2224 1025 2204 1039 2116 1022 1997 1039 1971 1022 1956 1022 1933 1039 1875 1022 1866 1022 1814 1042 1573 1028 1529 1042 1413 1025 1328 1045 1090 1028 1014 1048 758 1031 721 1051 619 1051 622 1089" /></Shape>
	    <String CONTENT="artisans. On ne les reconnaît pas seulement à" HPOS="619.0" VPOS="1019.0" WIDTH="2000.0" HEIGHT="108.0" WC="0.9945042252540588" />
          </TextLine>
          <TextLine ID="eSc_line_7bd331a9" TAGREFS="LT27" BASELINE="628 1193 1549 1170 2587 1176" HPOS="622.0" VPOS="1115.0" WIDTH="1963.0" HEIGHT="108.0">
            <Shape><Polygon POINTS="625 1191 625 1223 724 1208 953 1220 1009 1220 1180 1202 1352 1217 1404 1199 2582 1199 2585 1173 2579 1115 2436 1132 2326 1115 2276 1132 2233 1115 2224 1115 2183 1132 2079 1118 2038 1132 1988 1118 1779 1118 1762 1132 1718 1121 1706 1121 1706 1124 1692 1135 1093 1124 1072 1144 950 1147 744 1147 697 1127 689 1127 622 1147 625 1191" /></Shape>
	    <String CONTENT="leurs « ongles bleus », mais à leur costume et à" HPOS="622.0" VPOS="1115.0" WIDTH="1963.0" HEIGHT="108.0" />
          </TextLine>
          <TextLine ID="eSc_line_ffd89d70" TAGREFS="LT27" BASELINE="622 1295 1538 1275 2622 1269" HPOS="619.0" VPOS="1208.0" WIDTH="2000.0" HEIGHT="110.0">
            <Shape><Polygon POINTS="619 1318 2617 1298 2619 1266 2611 1220 2471 1223 2462 1220 2448 1208 2445 1208 2442 1208 2439 1208 2364 1220 2340 1223 2332 1220 2308 1208 2305 1208 2302 1208 2300 1208 2271 1220 2256 1228 2082 1228 2064 1220 2029 1211 2026 1211 2023 1211 1968 1223 1927 1228 1866 1223 1791 1214 1788 1214 1680 1223 1546 1234 1401 1225 1325 1220 1323 1220 1320 1220 1308 1225 1276 1237 1145 1225 1102 1223 1099 1223 1046 1225 849 1243 697 1228 692 1228 689 1228 686 1228 654 1243 619 1228 619 1292 619 1318" /></Shape>
	    <String CONTENT="leurs mœurs. On les considère comme des êtres de" HPOS="619.0" VPOS="1208.0" WIDTH="2000.0" HEIGHT="110.0" />
          </TextLine>
          <TextLine ID="eSc_line_bfdc044f" TAGREFS="LT27" BASELINE="625 1397 1340 1376 2643 1365" HPOS="619.0" VPOS="1304.0" WIDTH="2021.0" HEIGHT="119.0">
            <Shape><Polygon POINTS="622 1394 622 1408 820 1423 869 1408 1026 1420 1052 1403 1203 1417 1241 1403 1480 1411 1610 1397 1698 1411 1706 1403 1724 1394 1878 1408 1983 1391 2076 1403 2128 1406 2175 1388 2195 1403 2390 1388 2433 1400 2454 1400 2564 1382 2634 1397 2640 1362 2634 1307 2570 1304 2561 1304 2541 1321 2483 1307 2343 1324 2198 1310 2055 1327 1930 1313 1895 1330 1878 1315 1802 1330 1733 1315 1698 1333 1328 1321 1264 1339 1064 1324 1038 1342 945 1327 619 1342 622 1394" /></Shape>
	    <String CONTENT="condition inférieure et on les traite comme tels. Ils" HPOS="619.0" VPOS="1304.0" WIDTH="2021.0" HEIGHT="119.0" />
          </TextLine>
          <TextLine ID="eSc_line_5ca1e3cd" TAGREFS="LT27" BASELINE="625 1493 2006 1464 2663 1469" HPOS="619.0" VPOS="1403.0" WIDTH="2041.0" HEIGHT="110.0">
            <Shape><Polygon POINTS="622 1490 622 1510 1552 1513 1555 1513 1558 1513 1590 1504 1625 1496 1637 1504 1640 1507 1642 1507 1645 1507 1648 1507 1735 1504 2003 1490 2050 1501 2061 1504 2064 1504 2067 1504 2096 1501 2192 1487 2273 1498 2291 1501 2294 1501 2326 1498 2489 1484 2654 1496 2660 1467 2654 1403 619 1435 622 1490" /></Shape>
	    <String CONTENT="sont indispensables, mais on ne craint pas d’être" HPOS="619.0" VPOS="1403.0" WIDTH="2041.0" HEIGHT="110.0" WC="0.9922447097301483" />
          </TextLine>
          <TextLine ID="eSc_line_8b0d9255" TAGREFS="LT27" BASELINE="628 1589 2602 1583 2658 1611" HPOS="622.0" VPOS="1522.0" WIDTH="2035.0" HEIGHT="107.0">
            <Shape><Polygon POINTS="625 1586 625 1609 1058 1609 1230 1629 1427 1609 1555 1626 1561 1626 1596 1609 1721 1623 1866 1606 1962 1626 1968 1626 2009 1606 2131 1606 2186 1626 2308 1612 2364 1626 2381 1626 2422 1606 2547 1606 2654 1626 2657 1609 2654 1542 2558 1522 2454 1542 2454 1545 2355 1545 2355 1542 2329 1525 2230 1542 2198 1522 2189 1522 2052 1542 1956 1522 1799 1522 1715 1548 1555 1548 1485 1525 1392 1542 1384 1542 1346 1525 1337 1525 1296 1548 991 1548 968 1528 968 1525 956 1525 898 1542 883 1542 846 1530 837 1530 793 1545 756 1525 750 1525 622 1539 625 1586" /></Shape>
	    <String CONTENT="dur à leur égard, car on sait que la place de ceux" HPOS="622.0" VPOS="1522.0" WIDTH="2035.0" HEIGHT="107.0" />
          </TextLine>
          <TextLine ID="eSc_line_e99f9acb" TAGREFS="LT27" BASELINE="628 1705 2180 1684 2646 1690" HPOS="622.0" VPOS="1629.0" WIDTH="2021.0" HEIGHT="111.0">
            <Shape><Polygon POINTS="625 1702 625 1740 915 1722 1107 1734 1171 1719 1372 1734 1419 1734 1610 1716 1666 1731 1703 1731 2000 1711 2637 1719 2643 1687 2640 1644 2300 1629 2279 1644 2070 1632 2035 1647 1942 1632 1892 1650 1680 1635 1671 1635 1671 1638 1654 1652 1416 1638 1407 1638 1407 1641 1389 1655 1299 1641 1230 1655 1154 1641 1116 1658 930 1644 881 1661 648 1650 622 1661 625 1702" /></Shape>
	    <String CONTENT="qui auront été ruinés par les amendes ou ex¬" HPOS="622.0" VPOS="1629.0" WIDTH="2021.0" HEIGHT="111.0" />
          </TextLine>
          <TextLine ID="eSc_line_98e794b8" TAGREFS="LT27" BASELINE="613 1824 1770 1792 2614 1795" HPOS="607.0" VPOS="1728.0" WIDTH="2004.0" HEIGHT="125.0">
            <Shape><Polygon POINTS="610 1821 610 1853 703 1838 756 1850 767 1850 793 1833 933 1853 956 1853 1026 1830 1046 1844 1131 1830 1218 1847 1232 1847 1232 1844 1256 1824 1488 1821 1634 1838 1701 1818 1994 1830 2018 1812 2119 1833 2212 1809 2608 1824 2611 1792 2608 1743 2329 1728 2291 1745 1986 1734 1922 1751 1642 1743 1375 1760 1325 1745 1317 1745 1282 1763 1163 1748 1110 1766 997 1751 607 1772 610 1821" /></Shape>
	    <String CONTENT="pulsés par les bannissements ne restera pas" HPOS="607.0" VPOS="1728.0" WIDTH="2004.0" HEIGHT="125.0" WC="0.9628641459830972" />
          </TextLine>
          <TextLine ID="eSc_line_f312e9ea" TAGREFS="LT27" BASELINE="622 1923 1497 1896 2643 1888" HPOS="616.0" VPOS="1824.0" WIDTH="2024.0" HEIGHT="136.0">
            <Shape><Polygon POINTS="619 1920 619 1940 683 1937 796 1960 904 1937 1055 1955 1192 1928 1497 1937 1538 1923 1866 1931 1971 1917 2020 1943 2087 1943 2087 1940 2175 1923 2640 1923 2640 1885 2631 1838 2439 1847 2401 1824 2387 1824 2387 1827 2366 1841 2361 1850 2189 1850 2122 1827 2113 1827 2058 1850 1983 1838 1887 1856 1837 1833 1546 1835 1500 1859 1439 1841 1427 1841 1401 1862 1241 1865 1203 1847 1195 1847 1148 1870 927 1873 927 1870 898 1847 886 1847 831 1870 709 1850 616 1876 619 1920" /></Shape>
	    <String CONTENT="longtemps vacante. Les bras s’offrent toujours" HPOS="616.0" VPOS="1824.0" WIDTH="2024.0" HEIGHT="136.0" WC="0.9760615759425693" />
          </TextLine>
          <TextLine ID="eSc_line_d7850248" TAGREFS="LT27" BASELINE="630 2024 2649 2010" HPOS="625.0" VPOS="1963.0" WIDTH="2021.0" HEIGHT="99.0">
            <Shape><Polygon POINTS="628 2021 628 2045 968 2062 1372 2042 1433 2059 1517 2056 1538 2039 1657 2056 1802 2039 1849 2050 1878 2053 1898 2036 2169 2053 2189 2033 2288 2033 2448 2050 2555 2033 2640 2050 2646 2007 2640 1963 1035 1963 1003 1978 639 1966 625 1975 628 2021" /></Shape>
	    <String CONTENT="aux employeurs en quantité surabondante." HPOS="625.0" VPOS="1963.0" WIDTH="2021.0" HEIGHT="99.0" WC="0.9850808852597287" />
          </TextLine>
          <TextLine ID="eSc_line_32071fd3" TAGREFS="LT27" BASELINE="636 2126 1378 2109 2657 2114" HPOS="630.0" VPOS="2056.0" WIDTH="2024.0" HEIGHT="96.0">
            <Shape><Polygon POINTS="633 2123 633 2152 1052 2149 1116 2135 1215 2152 1235 2152 1328 2135 1733 2135 1756 2149 1767 2149 1814 2132 1843 2149 1855 2149 1892 2132 1983 2149 1994 2149 2044 2135 2131 2149 2148 2149 2177 2132 2227 2146 2236 2146 2268 2132 2305 2149 2654 2149 2651 2074 2314 2074 2262 2056 2087 2071 2006 2056 1956 2071 1843 2056 1788 2074 1735 2059 761 2074 692 2059 630 2074 633 2123" /></Shape>
	    <String CONTENT="Des masses d’ouvriers vont même chercher for¬" HPOS="630.0" VPOS="2056.0" WIDTH="2024.0" HEIGHT="96.0" WC="0.9946568952666388" />
          </TextLine>
          <TextLine ID="eSc_line_c6fc9acc" TAGREFS="LT27" BASELINE="633 2225 2407 2225 2640 2236" HPOS="630.0" VPOS="2167.0" WIDTH="2007.0" HEIGHT="104.0">
            <Shape><Polygon POINTS="630 2222 630 2260 1011 2248 1043 2262 1055 2262 1134 2248 1160 2268 1253 2251 1288 2262 1305 2271 1477 2271 1477 2268 1549 2251 1695 2268 1962 2248 2317 2248 2369 2262 2378 2262 2419 2248 2457 2262 2468 2262 2492 2248 2631 2268 2637 2233 2634 2187 2381 2184 2364 2167 2183 2184 2172 2184 2102 2167 1924 2187 1195 2187 1136 2170 1078 2184 982 2167 889 2184 764 2167 630 2178 630 2222" /></Shape>
	    <String CONTENT="tune hors du pays; on en rencontre en France et" HPOS="630.0" VPOS="2167.0" WIDTH="2007.0" HEIGHT="104.0" WC="0.9904152649514218" />
          </TextLine>
          <TextLine ID="eSc_line_62047254" TAGREFS="LT27" BASELINE="645 2332 2116 2326" HPOS="639.0" VPOS="2262.0" WIDTH="1474.0" HEIGHT="114.0">
            <Shape><Polygon POINTS="642 2329 648 2376 692 2350 753 2376 802 2376 802 2373 808 2373 808 2370 831 2350 1011 2350 1029 2364 1029 2367 1230 2353 1299 2373 1395 2370 1433 2347 1578 2361 1683 2347 1712 2370 2111 2358 2113 2324 2108 2286 1756 2262 1750 2262 1689 2286 1567 2286 1544 2265 1532 2265 1482 2289 1221 2289 1200 2274 1122 2289 1093 2265 994 2265 947 2289 834 2265 785 2289 680 2274 639 2289 642 2329" /></Shape>
	    <String CONTENT="jusqu’en Thuringe et en Autriche.¬" HPOS="639.0" VPOS="2262.0" WIDTH="1474.0" HEIGHT="114.0" />
          </TextLine>
          <TextLine ID="eSc_line_c60ecd31" TAGREFS="LT27" BASELINE="662 2437 2651 2446" HPOS="657.0" VPOS="2379.0" WIDTH="1992.0" HEIGHT="104.0">
            <Shape><Polygon POINTS="660 2434 657 2454 895 2477 1023 2460 1174 2477 1320 2466 1352 2483 1613 2483 1613 2480 1619 2480 1637 2463 1686 2480 1767 2463 1968 2477 2070 2466 2148 2483 2265 2466 2643 2472 2649 2443 2649 2405 2608 2385 2503 2399 2413 2385 2384 2405 2297 2405 2271 2385 2259 2385 2212 2402 2180 2402 1797 2382 1695 2402 1325 2402 1270 2379 1131 2396 971 2382 805 2396 785 2379 776 2379 660 2390 660 2434" /></Shape>
	    <String CONTENT="En un point, pourtant, mais en un point essen¬" HPOS="657.0" VPOS="2379.0" WIDTH="1992.0" HEIGHT="104.0" />
          </TextLine>
          <TextLine ID="eSc_line_12239146" TAGREFS="LT27" BASELINE="625 2530 2643 2541" HPOS="619.0" VPOS="2472.0" WIDTH="2021.0" HEIGHT="107.0">
            <Shape><Polygon POINTS="622 2527 619 2550 721 2568 1064 2553 1145 2553 1552 2573 1596 2556 1625 2576 1994 2565 2186 2579 2637 2559 2640 2498 2605 2480 2506 2495 2492 2501 2175 2501 1767 2483 1735 2495 1616 2475 1529 2486 1491 2495 1392 2495 1360 2475 1349 2475 1299 2492 1090 2492 1070 2472 979 2489 913 2472 822 2489 761 2472 622 2477 622 2527" /></Shape>
	    <String CONTENT="tiel, les travailleurs des industries d’expor¬" HPOS="619.0" VPOS="2472.0" WIDTH="2021.0" HEIGHT="107.0" />
          </TextLine>
          <TextLine ID="eSc_line_3b15215d" TAGREFS="LT27" BASELINE="633 2629 1494 2623 2640 2637" HPOS="628.0" VPOS="2568.0" WIDTH="2009.0" HEIGHT="104.0">
            <Shape><Polygon POINTS="630 2626 628 2646 657 2663 883 2646 1119 2663 1128 2663 1151 2646 1253 2660 1314 2643 1337 2655 1360 2660 1401 2643 1517 2643 1863 2669 1945 2646 2096 2646 2204 2672 2407 2655 2631 2666 2637 2634 2634 2594 2265 2576 2140 2591 2111 2591 2000 2573 1991 2573 1968 2588 1802 2573 1785 2588 1785 2591 1634 2591 1608 2570 1102 2585 1011 2568 962 2582 686 2568 630 2582 630 2626" /></Shape>
	    <String CONTENT="tation dans les villes du Moyen Âge, se différencient" HPOS="628.0" VPOS="2568.0" WIDTH="2009.0" HEIGHT="104.0" />
          </TextLine>
          <TextLine ID="eSc_line_cb616f37" TAGREFS="LT27" BASELINE="633 2724 2611 2730" HPOS="628.0" VPOS="2675.0" WIDTH="1980.0" HEIGHT="87.0">
            <Shape><Polygon POINTS="630 2721 628 2756 2602 2762 2608 2727 2605 2684 630 2675 630 2721" /></Shape>
	    <String CONTENT="des ouvriers des temps modernes. Au lieu d’être" HPOS="628.0" VPOS="2675.0" WIDTH="1980.0" HEIGHT="87.0" />
          </TextLine>
          <TextLine ID="eSc_line_364126ec" TAGREFS="LT27" BASELINE="628 2823 2588 2837 2673 2860" HPOS="625.0" VPOS="2765.0" WIDTH="2047.0" HEIGHT="110.0">
            <Shape><Polygon POINTS="625 2820 625 2858 828 2846 1061 2861 1192 2849 1296 2867 1570 2852 1846 2867 1942 2875 2233 2875 2259 2858 2326 2873 2349 2875 2669 2873 2672 2858 2672 2791 2337 2794 2271 2777 2259 2777 2239 2794 1983 2794 1939 2774 1378 2785 1296 2771 1250 2771 1084 2782 1064 2768 1038 2768 933 2782 625 2765 625 2820" /></Shape>
	    <String CONTENT="réunis dans de grands ateliers appartenant aux" HPOS="625.0" VPOS="2765.0" WIDTH="2047.0" HEIGHT="110.0" WC="0.9964467403681382" />
          </TextLine>
          <TextLine ID="eSc_line_23f5ffb6" TAGREFS="LT27" BASELINE="633 2922 1613 2919 2262 2928 2589 2945 2639 2971" HPOS="630.0" VPOS="2861.0" WIDTH="2007.0" HEIGHT="107.0">
            <Shape><Polygon POINTS="630 2919 630 2957 851 2939 901 2960 1014 2942 1157 2960 1192 2942 1232 2960 1241 2960 1282 2945 1651 2945 1674 2963 1767 2948 1797 2966 1817 2966 1907 2951 1991 2966 2029 2948 2099 2963 2143 2948 2637 2968 2637 2890 2515 2890 2515 2887 2497 2873 2486 2873 2442 2890 2236 2890 2218 2873 2058 2884 2029 2870 2023 2870 1840 2884 1756 2867 1535 2881 1503 2867 1256 2878 1104 2864 1064 2878 1006 2864 918 2878 843 2861 630 2875 630 2919" /></Shape>
	    <String CONTENT="patrons, ils se répartissent en une multitude de petits" HPOS="630.0" VPOS="2861.0" WIDTH="2007.0" HEIGHT="107.0" />
          </TextLine>
          <TextLine ID="eSc_line_41874187" TAGREFS="LT27" BASELINE="642 3012 1587 3009 2640 3035" HPOS="636.0" VPOS="2954.0" WIDTH="2001.0" HEIGHT="113.0">
            <Shape><Polygon POINTS="639 3009 636 3024 805 3044 808 3044 1171 3032 1264 3050 1267 3050 1453 3035 1456 3035 1459 3035 1881 3056 1884 3056 1887 3056 1913 3041 1927 3056 1927 3058 1930 3058 1933 3058 1936 3058 1939 3058 1986 3044 2029 3058 2032 3058 2035 3058 2276 3047 2401 3064 2404 3067 2599 3067 2599 3064 2602 3064 2634 3047 2637 3032 2634 2989 2279 2986 2273 2983 2169 2963 2166 2963 2023 2980 2015 2980 2003 2980 1875 2963 1872 2963 1488 2971 1453 2954 1451 2954 1448 2954 639 2963 639 3009" /></Shape>
	    <String CONTENT="ouvroirs. Le maître tisserand, propriétaire ou plus sou¬" HPOS="636.0" VPOS="2954.0" WIDTH="2001.0" HEIGHT="113.0" />
          </TextLine>
          <TextLine ID="eSc_line_12dd30fe" TAGREFS="LT27" BASELINE="622 3111 1500 3105 2599 3131" HPOS="619.0" VPOS="3056.0" WIDTH="1977.0" HEIGHT="107.0">
            <Shape><Polygon POINTS="619 3108 619 3134 817 3122 965 3140 1014 3146 1017 3146 1020 3146 1032 3143 1061 3128 1375 3128 1631 3151 1689 3154 1692 3154 1695 3154 1698 3154 1701 3151 1724 3134 1855 3134 1875 3149 1878 3149 1881 3149 1884 3149 2047 3137 2102 3157 2111 3160 2113 3160 2590 3163 2596 3128 2596 3085 619 3056 619 3108" /></Shape>
	    <String CONTENT="vent locataire d’un ou deux métiers, occupe quelques" HPOS="619.0" VPOS="3056.0" WIDTH="1977.0" HEIGHT="107.0" />
          </TextLine>
          <TextLine ID="eSc_line_0135ad4b" TAGREFS="LT27" BASELINE="628 3198 1916 3217 2625 3249" HPOS="622.0" VPOS="3146.0" WIDTH="2000.0" HEIGHT="130.0">
            <Shape><Polygon POINTS="625 3195 622 3212 822 3239 825 3239 991 3227 1055 3221 1081 3230 1131 3244 1134 3244 1136 3244 1195 3233 1221 3227 1235 3233 1267 3247 1270 3247 1273 3247 1369 3239 1451 3230 2617 3276 2622 3247 2619 3186 625 3146 625 3195" /></Shape>
	    <String CONTENT="compagnons ( en général de un à trois ) et un apprenti." HPOS="622.0" VPOS="3146.0" WIDTH="2000.0" HEIGHT="130.0" />
          </TextLine>
          <TextLine ID="eSc_line_f768747b" TAGREFS="LT27" BASELINE="633 3302 1509 3300 2637 3323" HPOS="628.0" VPOS="3239.0" WIDTH="2006.0" HEIGHT="113.0">
            <Shape><Polygon POINTS="630 3300 628 3323 2628 3352 2634 3320 2631 3259 2407 3276 2288 3259 2282 3259 2250 3273 2050 3273 2029 3253 2003 3256 1954 3271 1887 3253 1866 3256 1837 3268 1701 3250 1590 3262 1561 3247 1459 3265 1387 3244 1288 3244 1267 3262 1125 3241 1029 3241 1006 3262 892 3262 866 3241 718 3256 671 3239 662 3239 630 3250 630 3300" /></Shape>
	    <String CONTENT="C’est ce maître qui reçoit des marchands la matière" HPOS="628.0" VPOS="3239.0" WIDTH="2006.0" HEIGHT="113.0" />
          </TextLine>
          <TextLine ID="eSc_line_5d677af4" TAGREFS="LT27" BASELINE="636 3387 1817 3393 2614 3416" HPOS="630.0" VPOS="3329.0" WIDTH="1981.0" HEIGHT="122.0">
            <Shape><Polygon POINTS="633 3384 630 3424 744 3410 950 3427 985 3410 1090 3410 1134 3433 1142 3433 1183 3413 1296 3436 1413 3422 1514 3439 1529 3439 1558 3419 1666 3419 1724 3433 1794 3422 1814 3439 1826 3439 1869 3422 2052 3422 2111 3445 2387 3433 2605 3451 2611 3413 2605 3366 2381 3366 2317 3349 2209 3363 2151 3346 1959 3361 1890 3343 1692 3355 1671 3340 1663 3340 1485 3355 1456 3355 1410 3337 1264 3337 1247 3352 1200 3337 753 3346 700 3329 633 3343 633 3384" /></Shape>
	    <String CONTENT="première et le salaire qu’il distribue à son personnel" HPOS="630.0" VPOS="3329.0" WIDTH="1981.0" HEIGHT="122.0" />
          </TextLine>
        </TextBlock>
      </PrintSpace>
    </Page>
  </Layout>
</alto>