2713 3529
2542.0 29.0 120.0 73.0 44

570.0 67.0 2104.0 121.0 pesé jusqu’alors les corvées du labourage(1), les maisons des bourgeois

567.0 129.0 2093.0 147.0 s’alignèrent, entourées chacune d’un « pourpris », cour ou jardin légu¬

562.0 205.0 2115.0 142.0 mier. Et ces maisons apparurent tout de suite comme bien plus pré¬

567.0 285.0 2084.0 144.0 cieuses que la superficie (masure). <.....................>

556.0 364.0 2112.0 153.0 <..............................> . La faculté

559.0 449.0 2098.0 139.0 de les louer assurait à leurs possesseurs des profits abondants et

1521.0 520.0 82.0 65.0 cens

559.0 535.0 2118.0 123.0 réguliers. Bientôt, à côté du <....> foncier, établi une fois pour tou¬

559.0 614.0 2101.0 124.0 tes sur chaque parcelle bâtie, de nouveaux cens, auxquels on

559.0 676.0 2101.0 156.0 donna le plus souvent le nom de rentes, portèrent sur la mai¬

556.0 767.0 2106.0 132.0 son elle-même. Le crédit urbain trouva là sa plus ancienne ap¬

553.0 826.0 2109.0 168.0 plication. <...................................................>

553.0 923.0 2127.0 138.0 <...........> La maison avait servi tout d’abord de gage répon¬

547.0 991.0 2136.0 155.0 dant du paiement du cens foncier au propriétaire du fonds. Mais

547.0 1076.0 2139.0 138.0 avec la prospérité croissante des villes et la diminution rapide de

547.0 1138.0 2139.0 164.0 l’argent qui en fut la conséquence, la valeur de la maison s’éleva

550.0 1235.0 2101.0 153.0 tellement que la prestation du cens foncier ne fut plus qu’une

553.0 1308.0 2107.0 159.0 redevance accessoire. Or, le droit du propriétaire ne s’étendait

1853.0 1391.0 109.0 64.0 cens

556.0 1396.0 2118.0 153.0 pas au delà de la revendication de ce <....> primitif. Il fut donc

553.0 1479.0 2057.0 141.0 loisible aux possesseurs de maisons de les grever de charges

553.0 1546.0 2089.0 156.0 nouvelles. Voulaient-ils acquérir de l’argent liquide, ils ven¬

559.0 1646.0 2124.0 139.0 daient une rente, c’est-à -dire s’engageaient au paiement an¬

547.0 1714.0 2133.0 150.0 nuel d’un intérêt hypothéqué  sur leur maison. L’opération con¬

556.0 1817.0 2115.0 123.0 traire ou achat de rente, constituait de son côté, pour les mar¬

559.0 1882.0 2092.0 150.0 -chands enrichis, le moyen le plus sûr de placer leurs bénéfices.

1997.0 1955.0 280.0 65.0 revenus et

2318.0 1949.0 356.0 68.0 base essen¬

559.0 1979.0 2071.0 132.0 Partout, la maison, source permanente de <.................>>

553.0 2043.0 2124.0 150.0 tielle du crédit, fit pour ainsi dire oublier le sol sur lequel elle

559.0 2140.0 2109.0 139.0 reposait. <...........................................>

564.0 2217.0 2075.0 138.0 <..........................> Celui-ci ne rapportait chaque

567.0 2296.0 2113.0 133.0 année qu’une somme plus faible à mesure que la valeur de la

1377.0 2385.0 247.0 61.0 à baisser

553.0 2382.0 2121.0 126.0 monnaie continuait <....................>. Dès le courant

547.0 2464.0 2121.0 138.0 du XIIIe siècle, les descendants des propriétaires fonciers de l’ancien

553.0 2561.0 2107.0 109.0 terrain à bâtir s’en trouvaient en réalité dépouillés au profit

570.0 2637.0 2107.0 118.0 des descendants de ceux qui avaient construit les maisons. De

579.0 2767.0 2092.0 112.0 quemment le cas du transport d’une maison d'une ville dans

559.0 2864.0 391.0 73.0 une autre.

564.0 2932.0 2116.0 82.0 (1) A Gand, les noms d’une place de la ville ( couter, c’est à dire cul¬

570.0 2976.0 2101.0 123.0 tura ) et d’une des rues les plus anciennes ( neder couter ) rappellent

559.0 3052.0 2118.0 88.0 encore l’existence des « cultures » du monastère de Saint-Pierre. Pour

544.0 3120.0 2107.0 111.0 tout ce qui concerne l’histoire du sol urbain, voir l’ouvrage de G.

544.0 3199.0 2080.0 124.0 Des MAREZ, Histoire de la propriété foncière dans les villes du

541.0 3284.0 1845.0 127.0 Moyen Age et spécialement en Flandre (Gand,18  ).
