2713 3476
2515.0 52.0 134.0 78.0 197

31.0 309.0 435.0 93.0 par la généralisa¬

28.0 373.0 505.0 110.0 tion des institutions

43.0 428.0 252.0 93.0 de crédit,

565.0 49.0 2003.0 121.0 on le sait, consiste dans l'importance croissante du capita¬

562.0 144.0 2098.0 108.0 lisme. Favorisés par les progrès de la centralisation monarchi¬

753.0 208.0 87.0 61.0 par

571.0 228.0 2084.0 105.0 que, les besoins financiers des États croissant avec la fréquence

562.0 318.0 2075.0 102.0 croissante des guerres, par les découvertes géographiques et l'a¬

565.0 411.0 2098.0 90.0 vancement des sciences, par la diffusion de l’esprit d’entrepri¬

571.0 486.0 2084.0 99.0 se enfin et l’ébranlement <....> moral <............> pro¬

565.0 576.0 2090.0 98.0 voquée par la Renaissance, <........> de hardis entrepreneurs

562.0 674.0 2107.0 87.0 apparai<.> grands marchands, banquiers, spéculateurs, aussi

843.0 724.0 142.0 72.0 ssent

550.0 758.0 2119.0 96.0 âprement attachés à la conquête de la fortune que l’humaniste

547.0 840.0 2119.0 95.0 à la connaissance de la sagesse antique, aussi dénués de scrupu¬

542.0 924.0 2124.0 101.0 les que le diplomate formé à l’école de Machiavel. Grâce à eux,

539.0 1016.0 2124.0 96.0 l'histoire économique présente une physionomie aussi nou¬

539.0 1112.0 2101.0 90.0 velle que l’histoire de l’art. Entre eux et les riches patriciens

536.0 1187.0 2110.0 104.0 du Moyen Âge le contraste est aussi éclatant qu’entre Fra Angelico

536.0 1277.0 2098.0 96.0 et Raphaël ou qu’entre Van Eyck et Frans Floris. <............>

533.0 1367.0 2116.0 101.0 Les capitaux qu’ils manient sont infiniment plus considé¬

875.0 1439.0 95.0 73.0 <...>

530.0 1454.0 2119.0 98.0 rables; <........................................>

530.0 1543.0 2113.0 96.0 <...> ils disposent d’un marché infiniment plus étendu. De

544.0 1622.0 2061.0 104.0 plus, ils ne sortent pas des rangs de la haute bourgeoisie

518.0 1711.0 2093.0 96.0 marchande. Celle-ci, atteinte par la perturbation de l’éco¬

521.0 1801.0 2145.0 99.0 nomie urbaine ou se ruine, ou se transforme peu à peu en une

533.0 1897.0 2133.0 75.0 classe de rentiers, <..> de fonctionnaires ou d’avocats. Les nouveaux

527.0 1961.0 2130.0 121.0 riches de la Renaissance sont, au fond, des aventuriers. Ils n'ont

527.0 2042.0 2128.0 121.0 pas d’ancêtres, pas de traditions de famille, et l’individualisme

524.0 2152.0 2099.0 92.0 économique se manifeste chez eux avec la vigueur propre

530.0 2242.0 2130.0 121.0 à toutes les forces qu’a affranchies <........> l’ardente époque

524.0 2354.0 1075.0 105.0 à laquelle ils appartiennent. ¬

550.0 2465.0 2076.0 98.0 De toutes parts, naturellement, ils affluent vers Anvers

515.0 2546.0 2113.0 104.0 comme les conquistadors de leur temps vers le Nouveau

527.0 2641.0 2084.0 96.0 Monde. D’Allemagne, d’Italie, d’Espagne, des provinces des

527.0 2722.0 2110.0 108.0 Pays-Bas ils y accourent <............> tenter la fortune

1968.0 2708.0 159.0 69.0 pour

527.0 2827.0 2119.0 87.0 comme courtiers d’affaires, agents de banque, exportateurs,

524.0 2899.0 2122.0 99.0 commissionnaires ou spéculateurs. Les plus heureux y accu¬

501.0 2983.0 2139.0 90.0 mulent bientôt d’énormes richesses, d’autres sombrent dans

507.0 3058.0 2177.0 108.0 de retentissantes faillites. <.........> Ils y vivent d’une existence

521.0 3157.0 2148.0 95.0 enfiévrée, soumise à tous les hasards des hausses et des baisses pro¬

515.0 3235.0 2142.0 122.0 voquées par les guerres, par les accaparements, par les fluctu¬

513.0 3313.0 2092.0 125.0 -ations de la bourse. Autant la vie économique <.........>
