2713 3501
2546.0 2.0 111.0 73.0 68

543.0 55.0 2143.0 105.0 seigneur local auquel il a fallu arracher des concessions

560.0 122.0 2068.0 120.0 En 1127, lorsque les villes demandent à Guillaume de

543.0 212.0 2105.0 106.0 Normandie une organisation de leur choix, elles ne par¬

540.0 315.0 2123.0 105.0 lent que d’échevins. L’autorité que le comte conserve sur

546.0 396.0 2093.0 114.0 ces échevins est d'ailleurs des plus faibles. S’il les nomme, il

546.0 507.0 2117.0 99.0 n’y a pas d’exemple qu’il puisse les déposer et, en fait, il sem¬

1869.0 563.0 516.0 78.0 se soit  borné  à

546.0 598.0 2108.0 105.0 ble bien que, dans la pratique, il <...........> ratifier

1927.0 656.0 93.0 67.0 eux

554.0 682.0 2103.0 111.0 à chaque vacature, le choix fait par <...........>. D’au¬

551.0 773.0 2118.0 105.0 part, si son officier siège à leur tribunal, il lui est inter¬

551.0 860.0 2126.0 99.0 dit de se mêler à leurs délibérations quand celles-ci ont pour

569.0 948.0 2091.0 102.0 objet les affaires de la commune. Ainsi, l’autorité ur¬

563.0 1032.0 2094.0 91.0 baine se développe librement en Flandre sous la tutelle

560.0 1120.0 2117.0 105.0 du prince. Dans la première moitié du XIIIe siècle, elle s’af¬

563.0 1207.0 2094.0 105.0 firme plus clairement encore par la transformation

560.0 1298.0 2103.0 108.0 de l’échevinage, de magistrature à vie qu’il était à l’ori¬

584.0 1400.0 2088.0 99.0 gine, en magistrature annuelle. C'est à la demande des

1822.0 1467.0 155.0 55.0 fut

569.0 1487.0 2091.0 97.0 bourgeois que cette innovation <...> introduite. Men¬

569.0 1581.0 2106.0 105.0 tionnée tout d’abord à Arras en 1194, elle gagna peu à peu

572.0 1671.0 2094.0 108.0 le nord du comté. Ypres l’obtint en 1209, Gand en

572.0 1759.0 2108.0 90.0 1212, Douai en 1228, Lille en 1235, Bruges en 1241. Il

581.0 1843.0 2029.0 91.0 n’est pas difficile d’en saisir les motifs. On voulut

551.0 1940.0 2129.0 102.0 sans doute éviter par là le maintien au gouvernement de

563.0 2030.0 2085.0 93.0 la ville de vieillards incapables de supporter la charge

566.0 2126.0 2103.0 100.0 écrasante des fonctions scabinales, mais on voulut aussi

569.0 2211.0 2097.0 114.0 sans aucun doute renforcer le caractère municipal de

572.0 2310.0 2114.0 102.0 la magistrature urbaine. Les échevins annuels, en effet,

557.0 2395.0 2100.0 99.0 ne sont plus exclusivement nommés par le comte. Les

572.0 2497.0 2123.0 111.0 chartes qui l'instituent reconnaissent formellement

566.0 2605.0 2106.0 99.0 le droit de présentation des échevins de l’année précé¬

572.0 2689.0 2108.0 103.0 dente ou établissent un système plus ou moins compli¬

584.0 2786.0 2093.0 105.0 qué d’élection grâce auquel la ville collabore avec le prince

569.0 2876.0 2100.0 108.0 à la création de ses juges-administrateurs. De plus, des rè¬

578.0 2975.0 2088.0 114.0 gles sont établies qui répartissent les sièges de l’échevi¬

554.0 3072.0 2103.0 108.0 nage entre les diverses paroisses de la commune, et cette

551.0 3165.0 2121.0 102.0 nouveauté accentue encore la prise de possession de l’é¬

578.0 3264.0 2126.0 105.0 chevinage par la  bourgeoisie. Le droit du comte sur celui-ci

566.0 3363.0 2120.0 102.0 ne disparaît pas, mais il est désormais et il restera jusqu’à la fin
