2713 3566
2552.0 32.0 107.0 101.0 188

529.0 92.0 2145.0 145.0 et les usages locaux. L’intervention de ces commissaires

535.0 193.0 2112.0 163.0 fut d’ailleurs singulièrement bienfaisante. Il suffit de

532.0 297.0 2124.0 178.0 parcourir les apostilles inscrites par eux dans les registres

535.0 392.0 2112.0 172.0 communaux, pour apprécier la conscience qu’ils mirent

535.0 487.0 2115.0 187.0 à s’acquitter presque tous de leur mission. Grâce à eux,

987.0 579.0 69.0 65.0 <...>

553.0 591.0 2091.0 181.0 quantité de dépenses inutiles <..........................>>

544.0 689.0 2103.0 172.0 <..........> furent supprimées, quantités d’abus abolis et

535.0 775.0 2127.0 184.0 maintes innovations heureuses s'introduisirent dans

538.0 873.0 1062.0 134.0 la comptabilité urbaine. ¬

577.0 971.0 2085.0 193.0 Le gouvernement s’ingénia de plus à trouver des remè¬

553.0 1081.0 2064.0 176.0 des à la décadence économique provoquée dans la

556.0 1176.0 2082.0 190.0 plupart des villes de Flandre et de Brabant par la dimi¬

550.0 1268.0 2094.0 197.0 nution croissante de l’industrie drapière. Dans leur inté¬

562.0 1358.0 2094.0 222.0 rêt, il prohibe l’importation des draps et des fils d’Angleterre.

553.0 1456.0 2076.0 217.0 Il seconde les efforts de Bruges dans sa lutte contre l’ensa¬

553.0 1557.0 2106.0 208.0 blement du Zwin. Il pousse de toutes ses forces au déve¬

562.0 1640.0 2085.0 232.0 loppement des foires d’Anvers et <......> soutient les villes

547.0 1744.0 2049.0 220.0 hollandaises dans leur conflit avec la Hanse, dont elles

550.0 1857.0 2061.0 223.0 parviennent <.........> grâce à lui, à s’approprier le

636.0 1925.0 259.0 86.0 trafic

565.0 1961.0 2070.0 226.0 <........>. <....> Au milieu de la crise provoquée par la

544.0 2065.0 2079.0 223.0 <...........> nouvelle orientation du commerce qui se

553.0 2154.0 2058.0 238.0 détourne de Bruges et par la concurrence anglaise qui

556.0 2255.0 2026.0 235.0 ruine la draperie urbaine, il n’a rien épargné pour

559.0 2359.0 2088.0 220.0 venir en aide aux communes en détresse. Mais il ne pou¬

556.0 2448.0 2094.0 247.0 vait évidemment, les sauver malgré elles. L’étroitesse de

568.0 2543.0 2088.0 244.0 vues <...> de la politique municipale lui dicta bien sou¬

1234.0 2662.0 1398.0 175.0 que, laissé à lui-même, il n’aurait certainement pas

589.0 2641.0 2067.0 259.0 vent des mesures <....................................>

618.0 2713.0 211.0 80.0 prises.

571.0 2760.0 2100.0 226.0 <................................................>

568.0 2846.0 2088.0 226.0 <..............> Sollicité en sens divers par des villes

568.0 2944.0 2064.0 211.0 dont les intérêts sont <.........> incompatibles, il ne

562.0 3054.0 2058.0 199.0 voit pas toujours nettement la voie à suivre, hésite, tâ¬

556.0 3138.0 2088.0 214.0 tonne et prend souvent des décisions contradictoires. On le

547.0 3233.0 2088.0 193.0 voit tout ensemble <.............> maintenir Bruges

565.0 3340.0 2034.0 163.0 en possession de ses droits d’étape et favoriser <......> le

2052.0 3485.0 586.0 75.0 développement des
