2713 3472
2495.0 14.0 154.0 107.0 207

92.0 636.0 116.0 220.0 III

515.0 83.0 2087.0 113.0 en venaient facilement à bout. Quelques exécutions,

521.0 190.0 2128.0 105.0 pour l’exemple, achevaient la répression. Le magistrat

521.0 286.0 2142.0 104.0 modérait provisoirement le prix du pain - et tout rentrait

518.0 390.0 2154.0 98.0 dans l’ordre jusqu’à ce qu’une nouvelle crise de misère <...>

524.0 486.0 2128.0 104.0 <....................> provoquât une nouvelle

521.0 596.0 1346.0 95.0 explosion d’impuissante colère. ¬

1476.0 668.0 145.0 87.0 III

576.0 682.0 2055.0 119.0 Il arriva pourtant que les métiers, mécontents du

524.0 786.0 2116.0 113.0 pouvoir central firent parfois appel, dans l'intérêt de

518.0 885.0 2160.0 107.0 leur cause à ces prolétaires <......................> dont

521.0 977.0 2119.0 108.0 ils évitaient d’habitude si soigneusement le contact. Il

512.0 1085.0 2157.0 112.0 en fut ainsi, par exemple, en 1539, lors du conflit sou¬

524.0 1177.0 2133.0 127.0 entre la gouvernante Marie de Hongrie et les Gantois

521.0 1290.0 2093.0 113.0 à propos du refus opposé par ceux-ci à la levée d’une

512.0 1388.0 2119.0 107.0 "aide" <..........................................>

518.0 1481.0 2119.0 110.0 <....> motivée par l'invasion de François Ier dans les

526.0 1582.0 2129.0 113.0 Pays-Bas. Les artisans profitèrent de la circonstance pour

515.0 1683.0 2125.0 99.0 rétablir dans la ville le régime antérieur à la paix de

1291.0 1744.0 142.0 78.0 pour

529.0 1779.0 2137.0 110.0 Gavere, c’est à dire en revenir tout à la fois au gouver¬

515.0 1900.0 2131.0 73.0 nement direct de la ville par ses trois « membres » et au

524.0 1996.0 2076.0 101.0 particularisme municipal du Moyen Âge. On ne peut

515.0 2080.0 2114.0 127.0 douter des tendances foncières qui les animaient quand

509.0 2193.0 2125.0 110.0 on les voit, dans leur haine contre le capitalisme et la

515.0 2294.0 2105.0 121.0 liberté économique, exiger la <......> rentrée en vi¬

529.0 2395.0 2076.0 133.0 gueur du privilège interdisant l’exercice de toute

509.0 2496.0 2134.0 125.0 industrie dans un rayon de trois lieues autour

529.0 2580.0 2091.0 128.0 de la ville. Mais presque aussitôt, ils se virent débordés

532.0 2687.0 2134.0 125.0 par la <.....> plèbe. <.> L’autorité de leurs doyens est ouverte¬

521.0 2803.0 2128.0 93.0 ment méconnue. Des bandes de gens sans aveu accou¬

518.0 2884.0 2137.0 116.0 ru du plat-pays se déversent dans la ville, l’emplissent

2420.0 2956.0 272.0 76.0 s’apprêtent

544.0 2983.0 2111.0 101.0 de leurs clameurs, l’effrayent de leurs violences et <....>

524.0 3075.0 2142.0 101.0 <......> à piller les couvents et les maisons des riches. Bien¬

509.0 3162.0 2131.0 121.0 tôt, à Audenarde, à Courtrai, à Ypres, à Lille, à Gram¬

509.0 3260.0 2160.0 119.0 mont, à Armentières, « les povres gens et aultres de petit
