2713 3510
2542.0 38.0 112.0 151.0 95

594.0 61.0 2080.0 117.0 un Simon Saphir ou un Jean Rynvisch <.> assuraient

1644.0 143.0 164.0 70.0 une

629.0 169.0 2037.0 100.0 à leurs détenteurs <........> supériorité financière

591.0 234.0 450.0 78.0 analogue à celle

646.0 251.0 1947.0 111.0 dont jouissent <............> les millionnaires de la

623.0 342.0 2008.0 111.0 grande industrie contemporaine. Sans doute, il im¬

614.0 432.0 2034.0 103.0 porte, même avec la restriction que nous venons d’in¬

626.0 520.0 2022.0 100.0 diquer, de ne point se les représenter sous un aspect trop

620.0 625.0 2046.0 79.0 moderne. Les conditions générales de la vie économi¬

635.0 707.0 2031.0 91.0 que et surtout l'état rudimentaire du crédit as¬

626.0 786.0 2060.0 106.0 signent à leur activité des limites étroites. Il ne faut

617.0 886.0 2043.0 90.0 voir en eux que de riches bourgeois, profitant de

614.0 962.0 2049.0 96.0 l’avantage que leur donne la fortune, pour se

623.0 1050.0 1987.0 105.0 livrer à de fructueuses opérations de vente et

640.0 1137.0 2037.0 114.0 d’achat en grand. <............................>

632.0 1234.0 2004.0 99.0 <..............> Beaucoup d'entre-eux ne sont,

629.0 1325.0 2066.0 111.0 si l’on peut ainsi dire, que des marchands inter¬

626.0 1404.0 2051.0 122.0 mittents, le négoce ne constitue pour ceux-ci qu’une

643.0 1500.0 1990.0 108.0 <..........> occupation accessoire et en quelque

617.0 1594.0 2049.0 102.0 sorte adventice. Ils se gardent de s’engager complè¬

629.0 1670.0 2022.0 120.0 tement dans les affaires; ils n’y risquent qu’une

638.0 1775.0 2028.0 102.0 partie de leurs capitaux; ils ne pratiquent ni les spé¬

640.0 1857.0 2055.0 99.0 culations aventureuses ni les marchés à terme. Mais,

649.0 1968.0 2014.0 85.0 si vrai que soit tout cela, il n’en reste pas moins

649.0 2059.0 2031.0 87.0 que, comparés aux artisans des petits métiers, ils nous

643.0 2141.0 2034.0 96.0 apparaissent comme de puissants brasseurs d’affaires

646.0 2225.0 2026.0 97.0 Les ressources dont ils disposent leur permettent d'ac¬

655.0 2313.0 1978.0 91.0 quérir en une seule fois des centaines d’hectolitres de

646.0 2386.0 2020.0 106.0 blé, de tonneaux de vin ou de balles de laine. En Flandre,

640.0 2489.0 1993.0 96.0 c’est naturellement à l’importation en gros de la

635.0 2585.0 2031.0 88.0 laine que se livrent la plupart d’entre eux, comme à

649.0 2644.0 2011.0 114.0 Dinant <...> c’est à l’importation du métal qu’ils s’a¬

658.0 2734.0 2002.0 114.0 donnent presque tous(1). Seuls, ils peuvent acquérir en

658.0 2825.0 2005.0 105.0 quantité ces précieuses toisons anglaises dont la finesse

652.0 2907.0 2014.0 114.0 assure la vogue des draps flamands, et propriétaires

655.0 2986.0 2008.0 123.0 de la matière première dont ils possèdent en fait, le mo¬

661.0 3138.0 2037.0 117.0 (1) Il faut bien remarquer d’ailleurs qu’ils ne s’y livrent

664.0 3226.0 2002.0 99.0 pas exclusivement. Dès que les circonstances sont favo¬

652.0 3302.0 1443.0 102.0 rables, ils importent des blés ou du vin
