2713 3501
2555 32 105 86 215

1831.0 35.0 49.0 81.0 des

2388.0 43.0 263.0 102.0 l’évolution

554.0 75.0 2045.0 108.0 gagné l’adhésion enthousiaste <...> prolétariat que <...>

549.0 169.0 2105.0 99.0 économique vient de faire naitre dans les villes et les campa¬

560.0 250.0 2103.0 100.0 gnes ? Il exerça sur lui, mais sur un théâtre bien plus vaste

543.0 347.0 2102.0 99.0 et avec des forces décuplés, une influence analogue à celle

557.0 434.0 2115.0 102.0 que les doctrines des Lollards avaient exercée jadis sur les tis¬

1813.0 495.0 295.0 73.0 illimités

546.0 533.0 2126.0 97.0 serands du moyen âge. Les espoirs <.........> dont il le nour¬

546.0 624.0 2126.0 99.0 rit, le contraste éblouissant qu’il leur fait apparaître entre

549.0 723.0 2134.0 99.0 la misère de la condition présente et la félicité <.......>

549.0 813.0 2105.0 103.0 future du monde <.................> affranchi de la

540.0 913.0 2088.0 105.0 double oppression de l’Église et de l’État, mettent la pa¬

546.0 1009.0 2117.0 87.0 tience et la résignation des masses travailleuses à une

537.0 1094.0 2097.0 119.0 trop forte épreuve. Certes Hoffmann ne prêchait pas la vio¬

540.0 1196.0 2123.0 102.0 lence. Mais ses adeptes ne pouvaient manquer d’y recou¬

540.0 1286.0 2111.0 111.0 rir tôt ou tard. En 1533, un <.......> prophète surgit du

537.0 1379.0 2120.0 129.0 sein de la populace : le boulanger Jan Matthijs de Haar¬

534.0 1482.0 2129.0 131.0 lem. Il vient annoncer aux « justes » et aux « purs » l’heure

534.0 1584.0 2132.0 108.0 de la vengeance. Il ne suffit plus d’attendre le règne

543.0 1671.0 2123.0 111.0 de Dieu : il faut l’établir par l’épée, anéantir les méchants,

531.0 1794.0 2141.0 81.0 <.....> cimenter dans leur sang les remparts de la nouvelle

546.0 1870.0 2140.0 110.0 Jérusalem. <...........................................>

540.0 1972.0 2149.0 108.0 <..........................> Plus de prêtres ! Mais aussi

534.0 2071.0 2126.0 117.0 plus de propriété, plus d’armée, plus de tribunaux, plus

534.0 2167.0 2143.0 111.0 de maîtres ! Désormais, la question religieuse devient une

537.0 2275.0 2129.0 102.0 question sociale. Contre l’anarchisme mystique des ana¬

522.0 2366.0 2147.0 110.0 baptistes, s’unissent, indépendamment des différences

522.0 2456.0 2141.0 111.0 confessionnelles, tous les <......> soutiens de l’ordre établi.

531.0 2544.0 2114.0 128.0 Les protestants ne les haïssent pas moins que les catholi¬

543.0 2643.0 2094.0 134.0 ques. Ils sont traqués partout  avec l’impitoyable férocité

537.0 2751.0 2120.0 119.0 qu’inspire la terreur. Pendant le siège de Munster, où

522.0 2844.0 2080.0 108.0 les chefs du mouvement ont été fonder la « nouvelle

537.0 2937.0 2067.0 111.0 Jérusalem », les soldats de Marie de Hongrie taillent en

531.0 3034.0 2108.0 111.0 pièces les bandes qui se sont mises en marche pour

513.0 3121.0 2062.0 123.0 rejoindre leurs frères. Au mois de juin 1535 un placard

534.0 3218.0 2085.0 93.0 condamne à mort tous les anabaptistes, même ceux

540.0 3311.0 1153.0 96.0 qui abjureront leurs erreurs. ¬

586.0 3343.0 2071.0 152.0 La chute de Munster (25 juin 1535) mit fin aux tenta¬
