2713 3500
2540 14 97 93 47

600.0 93.0 2075.0 61.0 Jetons maintenant un coup d’œil sur la composition <..>

548.0 145.0 2124.0 108.0 <..> du tribunal municipal. Malgré des divergences de détail,

545.0 218.0 2138.0 94.0 dans toutes les villes du Pays-Bas, il se présente à nous comme une

539.0 288.0 2159.0 105.0 simple adaptation au milieu urbain du tribunal public de l’époque

554.0 358.0 2080.0 123.0 franque. Nulle part, on le sait, l'institution de l’échevinage ne

542.0 428.0 2109.0 132.0 poussa de plus profondes racines qu’en Belgique (1). Elle y survécut au

539.0 510.0 2130.0 114.0 morcellement politique du Xe siècle. Dans toutes les principautés

539.0 600.0 2147.0 117.0 qui se constituèrent alors de la mer aux Ardennes <...............>

525.0 670.0 2161.0 135.0 <.....................> on la retrouve presque intacte. Les princes la

530.0 752.0 2145.0 131.0 laissèrent subsister dans les <............> échevinages des divers

525.0 840.0 2144.0 125.0 comtés qu’ils agglomérèrent sous leur pouvoir. En Flandre, par e¬

525.0 924.0 2170.0 128.0 xemple, on constate dans la plupart des châtellenies, l’existence

528.0 1000.0 2152.0 134.0 d'un échevinage <......> siégeant au castrum qui s'élève au cen¬

1820.0 1067.0 93.0 64.0 sa

525.0 1067.0 2141.0 155.0 tre de la circonscription et étendant <...> sa juridiction sur toute

1365.0 1163.0 350.0 70.0 a l'origine

516.0 1166.0 2159.0 137.0 l’étendue de celle-ci. <............>, les immigrants des por¬

513.0 1239.0 2167.0 134.0 tus ressortirent donc à ce tribunal puisque, libres personnel¬

519.0 1312.0 2161.0 149.0 lement, ils se trouvaient placés par là même sous la juridic¬

2120.0 1373.0 210.0 76.0 arriva

513.0 1394.0 2156.0 148.0 tion publique. Dès lors, quand le moment <........> de don¬

507.0 1475.0 2162.0 143.0 ner aux villes leurs magistrats spéciaux, rien ne fut plus na¬

1026.0 1577.0 67.0 59.0 les

510.0 1566.0 2147.0 137.0 naturel que de <...> gratifier elles-mêmes d’un échevinage. La cir¬

513.0 1630.0 2167.0 149.0 conscription urbaine créée dans la circonscription territoriale

501.0 1715.0 2162.0 137.0 reçut une organisation calquée sur celle de son aînée. Comme

498.0 1790.0 2147.0 140.0 les échevins de la châtellenie, les échevins de la ville furent des

507.0 1881.0 2147.0 140.0 juges populaires recrutés <....>  parmi les habitants. Ceux-ci

501.0 1948.0 2182.0 146.0 comme ceux-là furent « semoncés » et présidés par <..........>

991.0 2062.0 100.0 58.0 <..>

1934.0 2027.0 385.0 73.0 <...........>

495.0 2044.0 2150.0 137.0 <...................................>

484.0 2120.0 2156.0 146.0 <..........> l’officier du prince, c’est-à-dire par le châtelain

501.0 2199.0 2162.0 137.0 Il n’est pas jusqu’au nombre traditionnel de douze membres

598.0 2310.0 242.0 55.0 n’ait été

1096.0 2292.0 228.0 70.0 pour eux

501.0 2286.0 2162.0 134.0 <......> conservé. Seulement, au lieu de juger suivant la vieille

481.0 2353.0 2182.0 140.0 coutume, les échevins de la ville jugent suivant le droit nouveau

484.0 2432.0 2167.0 134.0 des bourgeoisies; au lieu de s’assembler dans le castrum, ils s’assem¬

478.0 2514.0 2179.0 122.0 blent dans le faubourg marchand, soit à la halle du mar¬

481.0 2601.0 2170.0 114.0 ché soit dans le cimetière de l’église paroissiale. A côté d’eux

484.0 2689.0 2173.0 116.0 d’ailleurs, l’échevinage territorial continue à se réunir dans

475.0 2770.0 2135.0 117.0 le castrum et à juger les hommes de la châtellenie. Il existe

472.0 2852.0 2135.0 99.0 encore dans la ville mais non plus pour la ville. A Bruges, le

469.0 2916.0 2127.0 111.0 tandhuis du Franc s’élève encore à côté du <.......> Gemeente¬

475.0 2998.0 2182.0 117.0 huis (hôtel de ville), rappelant le souvenir lointain du jour où la

466.0 3150.0 2185.0 87.0 (1) Il est même assez probable que l’échevinage n’est qu’une modifica¬

460.0 3208.0 2197.0 102.0 tion locale de l’institution des rachimbourgs, apparue dans la ré¬

463.0 3287.0 2171.0 87.0 gion mosane où les Carolingiens possédaient la plus grande partie de

446.0 3342.0 2199.0 99.0 leurs domaines. C’est là que Charlemagne l’aura perfectionnée pour

446.0 3406.0 913.0 79.0 <.......> à toute la Prancia

84.0 3348.0 274.0 125.0 [l]'étendre
