2713 3465
2481.0 0.0 142.0 98.0 108

580.0 63.0 2049.0 113.0 =ppellent encore le souvenir des patriciens sur les

600.0 161.0 2040.0 124.0 fonds de qui elles ont été tracées. <...............................>

574.0 254.0 2092.0 130.0 <.....................................> Il n’est pas difficile de compren¬

569.0 349.0 2089.0 130.0 -dre que les fils de ces heureux parvenus se contentè¬

589.0 447.0 2045.0 116.0 rent souvent de la situation acquise par leurs pères

586.0 528.0 2011.0 127.0 et renoncèrent aux soucis du négoce pour vivre

600.0 626.0 2037.0 118.0 confortablement de leurs rentes. <...............> Ils

603.0 718.0 2069.0 116.0 y étaient d’autant plus portés que la valeur de leurs

580.0 811.0 2057.0 118.0 propriétés ne cessa de croître aussi longtemps que la

574.0 903.0 2058.0 113.0 <........................> population urbaine se dé¬

566.0 1007.0 2057.0 81.0 veloppa et que les terrains à bâtir se couvrirent de

583.0 1085.0 2049.0 113.0 constructions. Ainsi, toute une partie du patriciat,

586.0 1189.0 2074.0 95.0 et c’en est naturellement la plus ancienne, renon¬

574.0 1276.0 2092.0 112.0 ça de bonne heure au commerce qui avait constitué

574.0 1383.0 2086.0 109.0 la base de sa fortune. Ces privilégiés, que les documents

592.0 1492.0 2057.0 104.0 contemporains désignent sous les appellations de

583.0 1579.0 2060.0 115.0 viri hereditarii, d’hommes héritables, d’ervach¬

583.0 1680.0 1985.0 113.0 tige lieden, reçurent du peuple les sobriquets

586.0 1787.0 2048.0 124.0 d’otiosi, d’huiseux, de lediggangers ( flâneurs ).

583.0 1897.0 2037.0 106.0 Beaucoup d’entre eux, d’ailleurs, augmentaient

589.0 1980.0 2089.0 116.0 encore leurs ressources soit en prenant à ferme la

566.0 2084.0 2103.0 98.0 perception des tonlieux et des revenus du domai¬

577.0 2168.0 2020.0 95.0 ne princier dans la ville ou celle des « accises »

586.0 2266.0 2060.0 98.0 urbaines, soit en prêtant de l’argent à intérêt

583.0 2359.0 2089.0 104.0 ou en s'intéressant aux opérations de banque de

592.0 2454.0 1462.0 112.0 quelque compagnie de Lombards.

1895.0 2529.0 196.0 66.0 doit

606.0 2561.0 2046.0 101.0 A côté de ces rentiers que l’on <....> considérer com¬

586.0 2656.0 2048.0 98.0 me la partie la plus ancienne et la plus stable du

583.0 2748.0 2060.0 90.0 patriciat, le commerce continue <....>

730.0 2812.0 229.0 69.0 grossir

589.0 2829.0 2060.0 110.0 à <.......> les rangs de la haute bourgeoisie. Dans la

589.0 2930.0 2054.0 104.0 plupart des villes, la gilde fournit à ces nouveaux

574.0 3026.0 2040.0 98.0 riches une solide organisation corporative. On a

589.0 3124.0 2083.0 107.0 vu plus haut que l’existence des <......> associations

598.0 3222.0 2028.0 101.0 marchandes est fort ancienne et qu’on peut la

600.0 3306.0 2017.0 121.0 faire remonter au XIe siècle. <....................>
