<?xml version="1.0" encoding="UTF-8"?>
<alto xmlns:xsi="http://www.w3.org/2001/XMLSchema-instance"
      xmlns="http://www.loc.gov/standards/alto/ns-v4#"
      xsi:schemaLocation="http://www.loc.gov/standards/alto/ns-v4# http://www.loc.gov/standards/alto/v4/alto-4-2.xsd">
  <Description>
    <MeasurementUnit>pixel</MeasurementUnit>
    <sourceImageInformation>
      <fileName>ARCH-DIV-000494_0234.png</fileName>
    </sourceImageInformation>
  </Description>
  <Tags>
    <OtherTag ID="BT1" LABEL="Title" DESCRIPTION="block type Title"/><OtherTag ID="BT2" LABEL="Main" DESCRIPTION="block type Main"/><OtherTag ID="BT3" LABEL="Commentary" DESCRIPTION="block type Commentary"/><OtherTag ID="BT4" LABEL="Illustration" DESCRIPTION="block type Illustration"/><OtherTag ID="BT130" LABEL="TitlePageZone" DESCRIPTION="block type TitlePageZone"/><OtherTag ID="BT131" LABEL="MarginTextZone" DESCRIPTION="block type MarginTextZone"/><OtherTag ID="BT132" LABEL="MainZone" DESCRIPTION="block type MainZone"/><OtherTag ID="BT133" LABEL="CustomZone:numbering" DESCRIPTION="block type CustomZone:numbering"/><OtherTag ID="BT134" LABEL="NumberingZone" DESCRIPTION="block type NumberingZone"/><OtherTag ID="BT136" LABEL="MarginTextZone:lower" DESCRIPTION="block type MarginTextZone:lower"/>
    <OtherTag ID="LT75" LABEL="HeadingLine" DESCRIPTION="line type HeadingLine"/><OtherTag ID="LT76" LABEL="DefaultLine" DESCRIPTION="line type DefaultLine"/><OtherTag ID="LT77" LABEL="InterlinearLine:correction" DESCRIPTION="line type InterlinearLine:correction"/><OtherTag ID="LT78" LABEL="InterlinearLine:addition" DESCRIPTION="line type InterlinearLine:addition"/>
  </Tags>
  <Layout>
    <Page WIDTH="2713"
          HEIGHT="3442"
          PHYSICAL_IMG_NR="228"
          ID="eSc_dummypage_">
      <PrintSpace HPOS="0"
                  VPOS="0"
                  WIDTH="2713"
                  HEIGHT="3442">
        <TextBlock HPOS="2456.0"
                   VPOS="42.0"
                   WIDTH="199.0"
                   HEIGHT="133.0"
                   ID="eSc_textblock_5328f7ca"
                   TAGREFS="BT134">
          <Shape><Polygon POINTS="2456 42 2460 175 2655 164 2655 42"/></Shape>
          <TextLine ID="eSc_line_4af8b18c"
                    TAGREFS="LT76"
                    BASELINE="2472 118 2622 107" 
                    HPOS="2466.0"
                    VPOS="31.0"
                    WIDTH="155.0"
                    HEIGHT="135.0">
            <Shape><Polygon POINTS="2471 166 2621 154 2621 106 2603 31 2569 54 2466 45 2471 117 2471 166"/></Shape>
	    <String CONTENT="226"
                    HPOS="2466.0"
                    VPOS="31.0"
                    WIDTH="155.0"
                    HEIGHT="135.0"></String>
          </TextLine>
        </TextBlock>
        <TextBlock HPOS="438.0"
                   VPOS="12.0"
                   WIDTH="2275.0"
                   HEIGHT="3111.0"
                   ID="e7dc17fa-211e-4266-ad5f-8c6219420dab"
                   TAGREFS="BT132">
          <Shape><Polygon POINTS="2457 174 2703 177 2709 1949 2713 3121 459 3123 442 2735 438 12 2453 12"/></Shape>
          <TextLine ID="eSc_line_55072e49"
                    TAGREFS="LT76"
                    BASELINE="511 137 1389 120 2451 123" 
                    HPOS="508.0"
                    VPOS="48.0"
                    WIDTH="1940.0"
                    HEIGHT="101.0">
            <Shape><Polygon POINTS="508 149 2446 146 2448 120 2437 54 2414 68 2230 54 2187 71 2156 57 2141 57 2124 74 1986 74 1955 51 1831 51 1736 74 1688 54 1676 54 1676 57 1653 74 1464 63 1323 77 1211 48 1202 48 1154 63 953 48 838 51 795 83 683 83 648 71 568 51 556 51 522 80 508 74 508 149"/></Shape>
	    <String CONTENT="&lt;......&gt; D’ailleurs ces manifestations, car on ne"
                    HPOS="508.0"
                    VPOS="48.0"
                    WIDTH="1940.0"
                    HEIGHT="101.0"></String>
          </TextLine>
          <TextLine ID="eSc_line_4791a3e8"
                    TAGREFS="LT76"
                    BASELINE="513 223 1547 203 2658 206" 
                    HPOS="508.0"
                    VPOS="149.0"
                    WIDTH="2147.0"
                    HEIGHT="106.0">
            <Shape><Polygon POINTS="2632 174 2460 174 2451 163 2247 163 2158 149 2023 166 1963 166 1633 152 1558 166 1510 154 1498 154 1484 169 1294 154 1214 172 1185 157 978 157 884 174 878 172 867 160 508 172 511 255 648 238 855 255 901 255 1027 235 1111 246 1636 229 1768 229 1797 246 2012 229 2061 243 2652 240 2655 203 2649 174 2632 174"/></Shape>
	    <String CONTENT="peut plus parler d’émeutes à ce propos, disparaissent"
                    HPOS="508.0"
                    VPOS="149.0"
                    WIDTH="2147.0"
                    HEIGHT="106.0"></String>
          </TextLine>
          <TextLine ID="eSc_line_3864a8f0"
                    TAGREFS="LT76"
                    BASELINE="519 318 1251 286 2664 306" 
                    HPOS="516.0"
                    VPOS="238.0"
                    WIDTH="2145.0"
                    HEIGHT="100.0">
            <Shape><Polygon POINTS="516 315 516 335 746 321 775 332 786 332 809 312 921 335 1142 332 1205 312 1676 335 1736 315 2087 338 2262 318 2371 318 2414 338 2420 338 2658 335 2661 304 2652 240 2598 258 2477 240 2451 240 2374 258 2133 240 2026 258 2003 240 1800 255 1768 240 1576 240 1547 255 1271 238 516 255 516 315"/></Shape>
	    <String CONTENT="après le premier tiers du XVIIe siècle. L’activité poli¬"
                    HPOS="516.0"
                    VPOS="238.0"
                    WIDTH="2145.0"
                    HEIGHT="100.0"></String>
          </TextLine>
          <TextLine ID="eSc_line_941a6297"
                    TAGREFS="LT77"
                    BASELINE="813 355 1402 338" 
                    HPOS="809.0"
                    VPOS="301.0"
                    WIDTH="591.0"
                    HEIGHT="80.0">
            <Shape><Polygon POINTS="812 352 812 381 1400 355 1400 335 1392 301 809 309 812 352"/></Shape>
	    <String CONTENT="est si bien éteinte"
                    HPOS="809.0"
                    VPOS="301.0"
                    WIDTH="591.0"
                    HEIGHT="80.0"></String>
          </TextLine>
          <TextLine ID="eSc_line_10305f5d"
                    TAGREFS="LT76"
                    BASELINE="499 410 1475 390 2658 401" 
                    HPOS="493.0"
                    VPOS="335.0"
                    WIDTH="2162.0"
                    HEIGHT="106.0">
            <Shape><Polygon POINTS="1297 341 1280 341 1240 358 944 358 930 349 884 352 872 358 640 358 579 338 493 358 496 441 835 441 835 438 895 418 924 433 935 433 958 418 1067 433 1343 418 1487 438 1504 438 1530 415 1863 415 1914 435 2003 415 2021 430 2328 415 2354 430 2649 435 2655 398 2652 355 2420 355 2388 335 2377 335 2342 352 2259 335 2179 355 1980 355 1949 335 1656 349 1633 335 1622 335 1558 352 1314 338 1297 341"/></Shape>
	    <String CONTENT="tique &lt;................&gt; dès lors au sein des corpo¬"
                    HPOS="493.0"
                    VPOS="335.0"
                    WIDTH="2162.0"
                    HEIGHT="106.0"></String>
          </TextLine>
          <TextLine ID="eSc_line_2365e935"
                    TAGREFS="LT76"
                    BASELINE="513 501 1136 490 2641 493" 
                    HPOS="508.0"
                    VPOS="435.0"
                    WIDTH="2130.0"
                    HEIGHT="89.0">
            <Shape><Polygon POINTS="511 499 511 522 2632 524 2638 490 2635 438 545 435 542 435 539 435 508 447 511 499"/></Shape>
	    <String CONTENT="rations que peu à peu, soit par des règlements, soit"
                    HPOS="508.0"
                    VPOS="435.0"
                    WIDTH="2130.0"
                    HEIGHT="89.0"></String>
          </TextLine>
          <TextLine ID="eSc_line_604d02bd"
                    TAGREFS="LT76"
                    BASELINE="508 593 2672 582" 
                    HPOS="502.0"
                    VPOS="527.0"
                    WIDTH="2167.0"
                    HEIGHT="104.0">
            <Shape><Polygon POINTS="505 616 907 610 970 631 978 631 1016 616 1047 608 1200 608 1283 628 1286 631 1386 631 1386 628 1392 628 1418 610 1906 625 1978 610 2018 605 2127 625 2385 602 2420 619 2509 602 2638 622 2644 622 2669 608 2669 579 2664 544 2374 527 2316 544 1866 544 1834 530 1739 544 1673 530 1616 544 1593 530 1584 530 1504 544 1380 533 1357 547 1326 533 1128 547 1039 533 1010 550 533 536 502 550 505 590"/></Shape>
	    <String CONTENT="tout simplement par la pratique &lt;........&gt; admi¬"
                    HPOS="502.0"
                    VPOS="527.0"
                    WIDTH="2167.0"
                    HEIGHT="104.0"></String>
          </TextLine>
          <TextLine ID="eSc_line_745b3531"
                    TAGREFS="LT76"
                    BASELINE="516 679 2669 662" 
                    HPOS="511.0"
                    VPOS="605.0"
                    WIDTH="2156.0"
                    HEIGHT="103.0">
            <Shape><Polygon POINTS="513 676 513 694 864 708 947 694 1225 705 1271 691 1581 702 2667 679 2667 659 2655 608 2624 622 2592 608 2572 608 2457 622 2305 605 2179 628 1584 631 1378 613 1334 631 1156 616 1134 633 1108 616 1099 616 967 633 864 616 832 636 766 619 625 619 602 636 511 625 513 676"/></Shape>
	    <String CONTENT="mistrative, &lt;........................&gt; l’État ou l’é¬"
                    HPOS="511.0"
                    VPOS="605.0"
                    WIDTH="2156.0"
                    HEIGHT="103.0"></String>
          </TextLine>
          <TextLine ID="eSc_line_ed81a748"
                    TAGREFS="LT76"
                    BASELINE="519 768 1623 759 1689 780 1690 780 1715 759 2646 751" 
                    HPOS="513.0"
                    VPOS="699.0"
                    WIDTH="2131.0"
                    HEIGHT="101.0">
            <Shape><Polygon POINTS="516 765 516 800 1228 785 1286 791 1355 800 1357 800 1452 788 1501 785 1599 788 1868 797 1871 797 1960 783 1992 780 2018 783 2101 794 2104 794 2572 791 2641 774 2644 748 2638 714 2348 699 2345 699 2245 714 2236 714 2227 714 2110 702 2107 702 1969 714 1937 717 1889 717 1679 705 1676 705 1604 717 1578 722 513 722 516 765"/></Shape>
	    <String CONTENT="chevinage &lt;...........................................&gt;"
                    HPOS="513.0"
                    VPOS="699.0"
                    WIDTH="2131.0"
                    HEIGHT="101.0"></String>
          </TextLine>
          <TextLine ID="eSc_line_4d31b6dc"
                    TAGREFS="LT76"
                    BASELINE="516 860 2649 837" 
                    HPOS="511.0"
                    VPOS="785.0"
                    WIDTH="2135.0"
                    HEIGHT="95.0">
            <Shape><Polygon POINTS="513 857 513 880 2646 863 2646 834 2641 800 2411 785 2408 785 2405 785 2354 800 2351 800 2245 788 2242 788 2110 803 2098 803 2084 803 1920 791 1917 791 1851 806 1840 806 1808 806 1587 794 1584 794 1581 794 1556 808 1553 808 1530 808 1403 797 1400 797 1326 808 1306 814 511 814 513 857"/></Shape>
	    <String CONTENT="&lt;.......&gt; supprime les derniers vestiges &lt;..........&gt;"
                    HPOS="511.0"
                    VPOS="785.0"
                    WIDTH="2135.0"
                    HEIGHT="95.0"></String>
          </TextLine>
          <TextLine ID="eSc_line_edab2789"
                    TAGREFS="LT76"
                    BASELINE="525 952 2664 946" 
                    HPOS="519.0"
                    VPOS="894.0"
                    WIDTH="2142.0"
                    HEIGHT="92.0">
            <Shape><Polygon POINTS="522 949 522 986 657 969 1042 969 1079 983 1082 983 1085 983 1719 966 1868 980 1871 980 1969 966 2018 980 2021 980 2023 983 2250 983 2250 980 2253 980 2256 980 2273 966 2655 978 2661 943 2652 894 519 906 522 949"/></Shape>
	    <String CONTENT="qui subsistaient encore dans le régime communal"
                    HPOS="519.0"
                    VPOS="894.0"
                    WIDTH="2142.0"
                    HEIGHT="92.0"
                    WC="0.9950236361077491"></String>
          </TextLine>
          <TextLine ID="eSc_line_e9c4c539"
                    TAGREFS="LT76"
                    BASELINE="525 1049 2678 1041" 
                    HPOS="519.0"
                    VPOS="983.0"
                    WIDTH="2156.0"
                    HEIGHT="101.0">
            <Shape><Polygon POINTS="522 1046 522 1075 1111 1084 1134 1069 1202 1084 1504 1064 1788 1081 1883 1064 1912 1075 1920 1081 1929 1081 1992 1061 2669 1075 2675 1038 2669 992 2334 983 2299 995 2270 1001 2199 983 2187 983 2164 1001 2035 983 2015 1001 1955 989 1886 1006 1504 1006 1461 989 1449 989 1426 1003 1297 986 1228 1006 1067 992 1019 1006 1004 992 990 992 970 1009 798 1009 582 989 519 1006 522 1046"/></Shape>
	    <String CONTENT="de l’organisation démocratique du XIVe siècle. &lt;.........&gt;"
                    HPOS="519.0"
                    VPOS="983.0"
                    WIDTH="2156.0"
                    HEIGHT="101.0"></String>
          </TextLine>
          <TextLine ID="eSc_line_7ea957ce"
                    TAGREFS="LT76"
                    BASELINE="528 1153 2675 1144" 
                    HPOS="522.0"
                    VPOS="1081.0"
                    WIDTH="2150.0"
                    HEIGHT="109.0">
            <Shape><Polygon POINTS="525 1190 660 1176 792 1190 806 1190 861 1176 1406 1187 1446 1173 1504 1187 1619 1173 1656 1187 1679 1187 1808 1173 1929 1187 1955 1187 2038 1170 2092 1184 2273 1170 2669 1181 2672 1141 2664 1101 2532 1101 2486 1081 2474 1081 2448 1104 2379 1104 2245 1081 2179 1101 2003 1087 1949 1107 1699 1107 1576 1084 1489 1104 1421 1087 1409 1087 1389 1107 1268 1107 1225 1087 1217 1087 1151 1107 1099 1087 1001 1104 826 1087 760 1107 717 1087 548 1087 522 1101 525 1150"/></Shape>
	    <String CONTENT="&lt;.......................................................&gt;"
                    HPOS="522.0"
                    VPOS="1081.0"
                    WIDTH="2150.0"
                    HEIGHT="109.0"></String>
          </TextLine>
          <TextLine ID="eSc_line_ec3dfeac"
                    TAGREFS="LT76"
                    BASELINE="528 1256 2649 1256" 
                    HPOS="525.0"
                    VPOS="1193.0"
                    WIDTH="2121.0"
                    HEIGHT="97.0">
            <Shape><Polygon POINTS="525 1253 525 1279 2644 1290 2646 1193 2557 1193 2526 1219 2351 1216 2319 1193 2305 1193 2279 1210 2253 1196 2242 1196 2210 1219 2038 1219 1955 1196 1843 1219 1805 1201 1797 1201 1768 1216 1662 1204 1544 1219 1432 1201 1159 1219 1085 1196 1076 1196 1033 1213 947 1193 858 1219 743 1193 657 1219 628 1193 525 1193 525 1253"/></Shape>
	    <String CONTENT="Vers 1650 le souvenir même de celle-ci a disparu. Les"
                    HPOS="525.0"
                    VPOS="1193.0"
                    WIDTH="2121.0"
                    HEIGHT="97.0"></String>
          </TextLine>
          <TextLine ID="eSc_line_07830469"
                    TAGREFS="LT76"
                    BASELINE="525 1353 2646 1348" 
                    HPOS="519.0"
                    VPOS="1293.0"
                    WIDTH="2125.0"
                    HEIGHT="106.0">
            <Shape><Polygon POINTS="522 1350 522 1376 849 1399 855 1399 907 1376 1309 1376 1492 1399 1584 1382 1699 1396 1722 1379 1903 1396 1978 1376 2173 1396 2250 1379 2354 1379 2391 1396 2483 1382 2535 1396 2546 1396 2572 1373 2641 1371 2644 1345 2635 1299 1972 1307 1934 1305 1851 1293 1748 1307 1719 1293 1713 1293 1627 1307 1584 1293 1576 1293 1535 1313 1182 1313 1073 1296 984 1310 846 1296 683 1310 554 1296 519 1310 522 1350"/></Shape>
	    <String CONTENT="vieux &lt;...........................&gt; privilèges qui"
                    HPOS="519.0"
                    VPOS="1293.0"
                    WIDTH="2125.0"
                    HEIGHT="106.0"></String>
          </TextLine>
          <TextLine ID="eSc_line_3198fcb4"
                    TAGREFS="LT76"
                    BASELINE="522 1457 1050 1442 2646 1445" 
                    HPOS="516.0"
                    VPOS="1388.0"
                    WIDTH="2128.0"
                    HEIGHT="92.0">
            <Shape><Polygon POINTS="519 1454 519 1480 2641 1474 2644 1442 2641 1405 2394 1405 2368 1388 2365 1388 2362 1388 2359 1388 2357 1388 2325 1402 1498 1388 1495 1388 1492 1388 1449 1402 881 1388 878 1388 875 1388 872 1388 852 1405 634 1405 577 1388 574 1388 571 1388 568 1388 516 1402 519 1454"/></Shape>
	    <String CONTENT="l’avaient ratifiée moisissent ignorés dans la pous¬"
                    HPOS="516.0"
                    VPOS="1388.0"
                    WIDTH="2128.0"
                    HEIGHT="92.0"></String>
          </TextLine>
          <TextLine ID="eSc_line_802b172c"
                    TAGREFS="LT76"
                    BASELINE="525 1560 1234 1543 2632 1534" 
                    HPOS="519.0"
                    VPOS="1468.0"
                    WIDTH="2110.0"
                    HEIGHT="123.0">
            <Shape><Polygon POINTS="522 1557 522 1577 809 1591 849 1577 1197 1586 1223 1566 1415 1566 1504 1580 1512 1580 1518 1574 1535 1566 1883 1580 1923 1563 1960 1580 1969 1580 2026 1560 2095 1577 2420 1560 2624 1568 2629 1531 2624 1480 2557 1468 2431 1494 2394 1471 2382 1471 2357 1482 2334 1497 2176 1497 2150 1485 2130 1480 1972 1500 1920 1477 1768 1477 1642 1503 1185 1482 1159 1500 1027 1485 990 1508 815 1491 806 1491 775 1511 605 1497 519 1511 522 1557"/></Shape>
	    <String CONTENT="sière des archives(1); sans avoir été formellement abolis"
                    HPOS="519.0"
                    VPOS="1468.0"
                    WIDTH="2110.0"
                    HEIGHT="123.0"></String>
          </TextLine>
          <TextLine ID="eSc_line_7a7c5e34"
                    TAGREFS="LT76"
                    BASELINE="528 1655 2661 1646" 
                    HPOS="522.0"
                    VPOS="1583.0"
                    WIDTH="2136.0"
                    HEIGHT="100.0">
            <Shape><Polygon POINTS="525 1652 525 1672 1900 1683 2072 1666 2107 1666 2213 1680 2655 1663 2658 1643 2655 1603 2601 1586 2500 1600 2477 1583 2179 1583 2153 1603 1937 1586 1912 1606 1711 1589 1659 1606 1556 1591 1366 1606 1303 1589 1225 1606 1131 1589 1105 1609 1042 1591 933 1609 904 1589 815 1589 726 1609 666 1589 522 1612 525 1652"/></Shape>
	    <String CONTENT="ils sont tombés lentement en désuétude. Sous la double"
                    HPOS="522.0"
                    VPOS="1583.0"
                    WIDTH="2136.0"
                    HEIGHT="100.0"></String>
          </TextLine>
          <TextLine ID="eSc_line_f7c5d4ad"
                    TAGREFS="LT76"
                    BASELINE="525 1758 2661 1746" 
                    HPOS="519.0"
                    VPOS="1686.0"
                    WIDTH="2139.0"
                    HEIGHT="109.0">
            <Shape><Polygon POINTS="522 1755 522 1778 1007 1778 1047 1795 1053 1795 1148 1775 1504 1775 1581 1792 1768 1772 1920 1789 2193 1786 2224 1769 2382 1769 2425 1786 2655 1775 2658 1743 2649 1686 2549 1709 2293 1709 2262 1692 2253 1692 2207 1706 2156 1689 2130 1686 2092 1712 1995 1712 1960 1689 1934 1692 1871 1709 1705 1695 1682 1712 1512 1712 1481 1692 1469 1692 1392 1712 1179 1709 1156 1692 1145 1692 1096 1706 907 1695 838 1715 815 1700 803 1700 743 1715 720 1695 711 1695 519 1706 522 1755"/></Shape>
	    <String CONTENT="action de l’État et des transformations économiques le"
                    HPOS="519.0"
                    VPOS="1686.0"
                    WIDTH="2139.0"
                    HEIGHT="109.0"></String>
          </TextLine>
          <TextLine ID="eSc_line_f9faec36"
                    TAGREFS="LT76"
                    BASELINE="519 1861 2661 1852" 
                    HPOS="513.0"
                    VPOS="1798.0"
                    WIDTH="2145.0"
                    HEIGHT="95.0">
            <Shape><Polygon POINTS="516 1858 516 1893 2655 1881 2658 1850 2649 1798 1403 1812 1392 1809 1366 1798 1363 1798 1360 1798 1251 1809 1197 1815 1033 1812 574 1801 571 1801 568 1801 513 1815 516 1858"/></Shape>
	    <String CONTENT="particularisme urbain a reculé sans cesse depuis la"
                    HPOS="513.0"
                    VPOS="1798.0"
                    WIDTH="2145.0"
                    HEIGHT="95.0"
                    WC="0.9876351730496276"></String>
          </TextLine>
          <TextLine ID="eSc_line_36fd29c6"
                    TAGREFS="LT76"
                    BASELINE="519 1970 697 1959 2664 1953" 
                    HPOS="513.0"
                    VPOS="1898.0"
                    WIDTH="2148.0"
                    HEIGHT="106.0">
            <Shape><Polygon POINTS="516 1967 519 2004 559 1984 826 1999 1027 1987 1056 2002 1191 1987 1300 2002 1392 1982 1449 1999 1492 1996 1573 1984 1622 1999 1748 1984 1843 1999 1920 1984 2658 1984 2661 1950 2652 1907 2245 1913 2098 1898 2075 1918 1742 1918 1676 1898 1584 1916 1564 1916 1464 1898 1441 1916 1263 1904 1214 1918 1205 1918 1156 1901 1047 1918 1019 1901 858 1916 795 1901 757 1921 611 1921 568 1901 559 1901 513 1918 516 1967"/></Shape>
	    <String CONTENT="période bourguignonne. Après avoir énergiquement"
                    HPOS="513.0"
                    VPOS="1898.0"
                    WIDTH="2148.0"
                    HEIGHT="106.0"
                    WC="0.9864841419823316"></String>
          </TextLine>
          <TextLine ID="eSc_line_3d2fac90"
                    TAGREFS="LT76"
                    BASELINE="525 2059 2667 2065" 
                    HPOS="519.0"
                    VPOS="2007.0"
                    WIDTH="2145.0"
                    HEIGHT="86.0">
            <Shape><Polygon POINTS="522 2056 519 2085 2658 2093 2664 2062 2664 2022 522 2007 522 2056"/></Shape>
	    <String CONTENT="lutté pour l’existence il s’est résigné à l’inévitable et"
                    HPOS="519.0"
                    VPOS="2007.0"
                    WIDTH="2145.0"
                    HEIGHT="86.0"></String>
          </TextLine>
          <TextLine ID="eSc_line_446e937e"
                    TAGREFS="LT76"
                    BASELINE="516 2165 2624 2165" 
                    HPOS="513.0"
                    VPOS="2108.0"
                    WIDTH="2108.0"
                    HEIGHT="106.0">
            <Shape><Polygon POINTS="513 2162 513 2188 700 2205 746 2191 910 2191 930 2205 941 2205 1004 2191 1145 2211 1148 2214 1245 2214 1245 2211 1289 2191 1306 2191 1719 2211 2621 2191 2621 2122 2580 2108 2460 2122 2374 2108 2311 2122 2196 2108 2095 2125 1713 2125 1682 2108 1673 2108 1636 2125 1395 2125 1386 2119 1352 2108 1283 2119 1266 2125 1131 2125 1111 2108 970 2122 950 2108 513 2116 513 2162"/></Shape>
	    <String CONTENT="les institutions qu’il soutenait et par lesquelles il se"
                    HPOS="513.0"
                    VPOS="2108.0"
                    WIDTH="2108.0"
                    HEIGHT="106.0"
                    WC="0.9807872144239289"></String>
          </TextLine>
          <TextLine ID="eSc_line_f41e2253"
                    TAGREFS="LT76"
                    BASELINE="522 2263 2675 2274" 
                    HPOS="516.0"
                    VPOS="2202.0"
                    WIDTH="2156.0"
                    HEIGHT="104.0">
            <Shape><Polygon POINTS="519 2260 516 2291 2667 2306 2672 2271 2672 2228 2638 2211 2629 2211 2595 2225 2560 2211 2552 2211 2506 2228 2506 2231 2362 2231 2313 2211 2144 2228 2127 2214 1601 2225 1429 2222 1409 2205 1214 2205 1197 2220 1139 2205 1128 2205 1108 2222 1022 2202 755 2202 729 2220 519 2208 519 2260"/></Shape>
	    <String CONTENT="manifestait ont &lt;...&gt; nécessairement subi son sort. Au"
                    HPOS="516.0"
                    VPOS="2202.0"
                    WIDTH="2156.0"
                    HEIGHT="104.0"></String>
          </TextLine>
          <TextLine ID="eSc_line_f8d643c3"
                    TAGREFS="LT76"
                    BASELINE="536 2369 2629 2377" 
                    HPOS="531.0"
                    VPOS="2306.0"
                    WIDTH="2095.0"
                    HEIGHT="103.0">
            <Shape><Polygon POINTS="533 2366 531 2386 582 2403 1297 2392 1337 2406 1794 2392 1871 2392 1975 2409 2624 2395 2626 2374 2621 2317 2537 2334 2276 2320 2239 2337 1932 2337 1823 2314 1722 2331 1685 2311 1332 2331 1274 2311 1263 2311 1237 2331 1122 2309 1016 2329 967 2309 958 2309 895 2329 841 2309 763 2326 740 2309 533 2306 533 2366"/></Shape>
	    <String CONTENT="XVIIe siècle, les villes constituent encore des personnes"
                    HPOS="531.0"
                    VPOS="2306.0"
                    WIDTH="2095.0"
                    HEIGHT="103.0"></String>
          </TextLine>
          <TextLine ID="eSc_line_09c185da"
                    TAGREFS="LT76"
                    BASELINE="528 2461 2649 2483" 
                    HPOS="522.0"
                    VPOS="2409.0"
                    WIDTH="2124.0"
                    HEIGHT="97.0">
            <Shape><Polygon POINTS="525 2458 522 2483 2641 2506 2646 2481 2646 2440 2328 2438 2322 2435 2302 2420 2299 2420 2296 2420 2293 2420 2167 2432 2127 2435 2069 2432 1932 2418 1929 2418 1926 2418 1894 2429 1880 2432 1874 2429 1857 2415 1854 2415 1851 2415 1848 2415 1845 2415 1817 2426 1808 2432 1590 2432 1538 2423 1458 2412 1455 2412 1452 2412 1415 2420 1389 2426 1360 2420 1312 2409 1309 2409 1257 2418 1231 2423 1223 2418 1211 2409 1208 2409 1205 2409 525 2409 525 2458"/></Shape>
	    <String CONTENT="morales, elles possèdent encore la prérogative de repré¬"
                    HPOS="522.0"
                    VPOS="2409.0"
                    WIDTH="2124.0"
                    HEIGHT="97.0"></String>
          </TextLine>
          <TextLine ID="eSc_line_90cb4a86"
                    TAGREFS="LT76"
                    BASELINE="531 2564 1119 2555 2652 2567" 
                    HPOS="528.0"
                    VPOS="2495.0"
                    WIDTH="2121.0"
                    HEIGHT="106.0">
            <Shape><Polygon POINTS="528 2561 528 2581 1320 2578 1429 2592 1464 2581 1481 2598 1777 2584 2124 2601 2646 2587 2649 2564 2646 2524 2035 2524 1929 2504 1794 2518 1771 2501 1759 2501 1722 2518 1722 2521 1558 2521 1415 2498 1151 2498 1122 2515 970 2498 895 2512 867 2498 858 2498 795 2515 749 2495 737 2495 714 2512 677 2495 528 2512 528 2561"/></Shape>
	    <String CONTENT="senter le Tiers-État à l’exclusion des campagnes, mais"
                    HPOS="528.0"
                    VPOS="2495.0"
                    WIDTH="2121.0"
                    HEIGHT="106.0"></String>
          </TextLine>
          <TextLine ID="eSc_line_21d99eb3"
                    TAGREFS="LT76"
                    BASELINE="528 2664 2690 2670" 
                    HPOS="522.0"
                    VPOS="2601.0"
                    WIDTH="2165.0"
                    HEIGHT="106.0">
            <Shape><Polygon POINTS="525 2661 522 2684 577 2704 800 2687 838 2707 1065 2707 1065 2704 1128 2687 1168 2704 1174 2704 1271 2684 1386 2704 1461 2684 1610 2699 1774 2690 1802 2704 1857 2696 1877 2690 1923 2707 1934 2707 1963 2690 2052 2701 2090 2687 2121 2701 2684 2699 2687 2667 2684 2624 2463 2624 2460 2621 2388 2604 2379 2604 2336 2621 2336 2624 2184 2624 2046 2604 2038 2604 2021 2621 1854 2621 1762 2604 1673 2621 1656 2621 1610 2601 1472 2618 1421 2601 525 2615 525 2661"/></Shape>
	    <String CONTENT="&lt;................&gt; elles se sont courbées sous la centrali¬"
                    HPOS="522.0"
                    VPOS="2601.0"
                    WIDTH="2165.0"
                    HEIGHT="106.0"></String>
          </TextLine>
          <TextLine ID="eSc_line_4387da96"
                    TAGREFS="LT78"
                    BASELINE="1532 2712 1596 2712" 
                    HPOS="1530.0"
                    VPOS="2673.0"
                    WIDTH="63.0"
                    HEIGHT="60.0">
            <Shape><Polygon POINTS="1530 2710 1530 2733 1593 2724 1593 2710 1593 2676 1530 2673 1530 2710"/></Shape>
	    <String CONTENT="à"
                    HPOS="1530.0"
                    VPOS="2673.0"
                    WIDTH="63.0"
                    HEIGHT="60.0"></String>
          </TextLine>
          <TextLine ID="eSc_line_39056b86"
                    TAGREFS="LT76"
                    BASELINE="542 2779 889 2767 2695 2762" 
                    HPOS="536.0"
                    VPOS="2707.0"
                    WIDTH="2156.0"
                    HEIGHT="98.0">
            <Shape><Polygon POINTS="539 2776 539 2805 2692 2785 2692 2759 2687 2707 1995 2707 1992 2707 1943 2713 1889 2722 1622 2716 1217 2710 1214 2710 1211 2710 1165 2722 1154 2724 1059 2724 620 2713 617 2713 536 2727 539 2776"/></Shape>
	    <String CONTENT="sation monarchique et l’économie urbaine &lt;.......&gt;"
                    HPOS="536.0"
                    VPOS="2707.0"
                    WIDTH="2156.0"
                    HEIGHT="98.0"></String>
          </TextLine>
          <TextLine ID="eSc_line_b0d0609b"
                    TAGREFS="LT76"
                    BASELINE="539 2874 2645 2853 2688 2867" 
                    HPOS="533.0"
                    VPOS="2810.0"
                    WIDTH="2154.0"
                    HEIGHT="98.0">
            <Shape><Polygon POINTS="536 2871 542 2908 565 2894 757 2905 775 2905 778 2905 783 2905 861 2891 984 2902 987 2902 990 2902 1007 2902 1458 2885 2681 2885 2687 2865 2684 2810 666 2816 533 2831 536 2871"/></Shape>
	    <String CONTENT="s’est substituée l’économie nationale. Les magistrats"
                    HPOS="533.0"
                    VPOS="2810.0"
                    WIDTH="2154.0"
                    HEIGHT="98.0"
                    WC="0.9933844636071403"></String>
          </TextLine>
          <TextLine ID="eSc_line_5be39e7b"
                    TAGREFS="LT76"
                    BASELINE="539 2983 674 2968 1731 2968 2672 2951" 
                    HPOS="533.0"
                    VPOS="2899.0"
                    WIDTH="2136.0"
                    HEIGHT="115.0">
            <Shape><Polygon POINTS="536 2980 536 3014 640 3011 663 2994 809 3011 835 3011 864 2991 987 3006 993 3006 1024 2991 1053 3008 1062 3008 1085 3006 1174 2988 1489 3006 1642 2985 1725 3003 1957 2983 2130 3000 2262 2980 2434 2997 2463 2977 2667 2977 2669 2948 2664 2917 2268 2899 2262 2899 2224 2919 1808 2919 1736 2905 1610 2922 1487 2905 1418 2925 1352 2908 1343 2908 1294 2925 1211 2908 1082 2928 1047 2911 1039 2911 973 2928 597 2914 533 2934 536 2980"/></Shape>
	    <String CONTENT="patriciens sont désignés par le pouvoir central qui con¬"
                    HPOS="533.0"
                    VPOS="2899.0"
                    WIDTH="2136.0"
                    HEIGHT="115.0"></String>
          </TextLine>
          <TextLine ID="eSc_line_c63fbde7"
                    TAGREFS="LT76"
                    BASELINE="545 3071 2606 3046" 
                    HPOS="539.0"
                    VPOS="2985.0"
                    WIDTH="2064.0"
                    HEIGHT="121.0">
            <Shape><Polygon POINTS="542 3069 542 3106 617 3092 1162 3097 1165 3097 1234 3083 2601 3083 2603 3043 2598 3006 2503 3006 2480 2985 2477 2985 2474 2985 2471 2985 2351 3006 2239 2988 2236 2988 2135 3008 1736 2994 1734 2994 1731 2994 1662 3014 1472 2997 1469 2997 1467 2997 1464 2997 1438 3017 1289 3000 1286 3000 1283 3000 1211 3020 1067 3003 1065 3003 1062 3003 978 3026 898 3026 869 3006 867 3006 864 3006 861 3006 778 3023 749 3008 746 3008 571 3008 568 3008 565 3008 562 3008 539 3023 542 3069"/></Shape>
	    <String CONTENT="trôle leur gestion dans tous les domaines. Du vieux"
                    HPOS="539.0"
                    VPOS="2985.0"
                    WIDTH="2064.0"
                    HEIGHT="121.0"></String>
          </TextLine>
        </TextBlock>
        <TextBlock HPOS="486.0"
                   VPOS="3115.0"
                   WIDTH="2227.0"
                   HEIGHT="328.0"
                   ID="eSc_textblock_57239810"
                   TAGREFS="BT136">
          <Shape><Polygon POINTS="486 3115 486 3443 2713 3443 2713 3126 1463 3129"/></Shape>
          <TextLine ID="eSc_line_d7f03d8b"
                    TAGREFS="LT76"
                    BASELINE="555 3215 2667 3183" 
                    HPOS="551.0"
                    VPOS="3126.0"
                    WIDTH="2113.0"
                    HEIGHT="126.0">
            <Shape><Polygon POINTS="554 3212 554 3252 1317 3215 1478 3229 1521 3209 1768 3209 1952 3226 2118 3209 2336 3224 2362 3206 2388 3224 2661 3221 2664 3180 2655 3132 2460 3143 2336 3126 2245 3146 2161 3129 2118 3149 1891 3152 1693 3137 1673 3155 1507 3137 1312 3160 1200 3143 1179 3146 1119 3163 1027 3146 924 3166 792 3149 786 3149 737 3169 551 3155 554 3212"/></Shape>
	    <String CONTENT="(1) A Bruxelles, en , le bombardement de Boufflers ayant"
                    HPOS="551.0"
                    VPOS="3126.0"
                    WIDTH="2113.0"
                    HEIGHT="126.0"></String>
          </TextLine>
          <TextLine ID="eSc_line_e50f0993"
                    TAGREFS="LT76"
                    BASELINE="551 3298 1866 3261 2684 3272" 
                    HPOS="545.0"
                    VPOS="3206.0"
                    WIDTH="2136.0"
                    HEIGHT="118.0">
            <Shape><Polygon POINTS="548 3295 548 3324 2110 3287 2141 3301 2681 3292 2681 3269 2678 3218 2328 3209 2262 3224 2250 3224 2193 3206 2181 3206 2156 3224 2009 3209 1957 3224 1877 3212 1558 3232 1541 3218 1415 3218 1254 3241 1223 3241 1102 3224 1096 3224 1062 3244 924 3232 878 3246 867 3246 780 3229 720 3249 700 3249 611 3235 545 3249 548 3295"/></Shape>
	    <String CONTENT="éventré une tour où l’on conservait des archives communales,"
                    HPOS="545.0"
                    VPOS="3206.0"
                    WIDTH="2136.0"
                    HEIGHT="118.0"></String>
          </TextLine>
          <TextLine ID="eSc_line_1ff8ee9e"
                    TAGREFS="LT76"
                    BASELINE="545 3364 2173 3338" 
                    HPOS="539.0"
                    VPOS="3295.0"
                    WIDTH="1631.0"
                    HEIGHT="109.0">
            <Shape><Polygon POINTS="542 3361 542 3387 637 3384 691 3404 981 3378 1013 3398 1228 3396 1283 3373 1423 3387 1492 3370 1527 3387 1533 3387 1642 3367 1756 3367 1771 3378 1771 3381 1782 3381 1817 3367 1854 3384 1868 3384 1934 3364 2018 3378 2044 3361 2164 3381 2170 3335 2164 3295 1263 3295 1185 3310 1090 3298 1067 3312 947 3301 912 3301 875 3315 720 3304 720 3307 706 3318 539 3307 542 3361"/></Shape>
	    <String CONTENT="on découvrit les franchises accordées aux nations"
                    HPOS="539.0"
                    VPOS="3295.0"
                    WIDTH="1631.0"
                    HEIGHT="109.0"></String>
          </TextLine>
        </TextBlock>
      </PrintSpace>
    </Page>
  </Layout>
</alto>
