2713 3448
2439.0 0.0 153.0 89.0 227

508.0 45.0 1992.0 110.0 protectionnisme commercial et industriel il

514.0 155.0 2115.0 103.0 ne subsiste plus que des vestiges sans importance.

514.0 255.0 2141.0 107.0 La police des marchés ainsi que les monopoles dont jouis¬

517.0 350.0 2118.0 101.0 sent encore les métiers de l’alimentation urbaine

517.0 451.0 2121.0 100.0 rappellent seuls l’état de choses disparu. Mais ils ne

534.0 548.0 2147.0 109.0 constituent plus que des entraves génantes <.........>

525.0 646.0 2162.0 112.0 <....................> et, la plupart du temps qu'une

525.0 744.0 1572.0 112.0 charge onéreuse pour la population. ¬

546.0 844.0 2103.0 115.0 <....> Si les villes ne dominent plus le mouvement

534.0 956.0 2141.0 95.0 économique, elles le dirigent encore. C’est dans leurs murs

531.0 1048.0 2095.0 101.0 que résident les capitalistes et les entrepreneurs qui

531.0 1137.0 2141.0 92.0 donnent l’impulsion à l’industrie de plus en plus

1879.0 1198.0 480.0 69.0 campagnes

534.0 1247.0 2095.0 71.0 largement répandue dans les <.........>, ou qui

528.0 1330.0 2153.0 86.0 soutiennent comme directeurs ou comme action¬

520.0 1422.0 2178.0 86.0 naires les compagnies commerciales du pays. La bour¬

534.0 1511.0 2158.0 100.0 geoisie riche devient ainsi une classe de gens d’affaires, de

525.0 1617.0 2084.0 89.0 manufacturiers, de spéculateurs dont les intérêts

528.0 1715.0 2116.0 80.0 multiples <...............> se mêlent à la vie

525.0 1798.0 2150.0 101.0 nationale tout entière et cessent d’être confinés dans

531.0 1887.0 2167.0 121.0 le cercle étroit de la commune. Et ce qui est vrai de son

528.0 1996.0 2153.0 104.0 rôle économique <.....> ne l’est pas moins de son rôle

531.0 2083.0 2144.0 109.0 politique. <...> Elle emplit les cadres de l’administra¬

534.0 2186.0 2164.0 118.0 tion <........> et siège,  <..............................>

534.0 2292.0 2135.0 98.0 <............> aux assemblées d’État. Dans les Provinces

523.0 2387.0 2167.0 98.0 Unies son influence dans le maniement des affaires

537.0 2485.0 2107.0 115.0 publiques est péniblement contrebalancée par celle du

525.0 2588.0 2165.0 98.0 stathouder. Dans les Pays-Bas catholiques, <............>

543.0 2683.0 2092.0 107.0 <...............................................> elle

640.0 2738.0 342.0 77.0 possède

540.0 2790.0 2161.0 91.0 <..........> dans les assemblées provinciales, les seules

546.0 2879.0 2118.0 100.0 qui subsistent au milieu de la torpeur de la vie natio¬

531.0 2991.0 2098.0 97.0 nale, <.....> intervention au moins égale à celle du

537.0 3065.0 891.0 101.0 clergé et de la noblesse.

580.0 3177.0 2121.0 121.0 Et c’est là ce qui explique que les régences patriciennes

551.0 3281.0 2127.0 112.0 du XVIIe siècle n’aient point eu la destinée de celles du
