2713 3501
2578.0 23.0 105.0 52.0 52

595.0 35.0 2085.0 119.0 leur est délégué par elle. Ils agissent au nom de la com¬

566.0 128.0 2120.0 117.0 munitas ou de l’universitas civium. Si la ville recon¬

560.0 221.0 2123.0 114.0 nait la souveraineté du prince territorial, si elle lui paie

572.0 297.0 2111.0 111.0 l’impôt, si elle le sert en temps de guerre, <..............>

554.0 402.0 2129.0 99.0 <...> elle n’en est pas moins indépendante dans le domaine

554.0 478.0 2109.0 114.0 propre des intérêts urbains (1). <..> La collectivité bourgeoise

560.0 580.0 2129.0 93.0 s’administre elle-même et tous ses membres <.............>

560.0 665.0 2126.0 96.0 <.......> jouissent des mêmes droits, de même qu’ils y sont

546.0 746.0 2082.0 105.0 soumis aux mêmes devoirs. L’organisation du plat¬

560.0 828.0 2077.0 108.0 pays est patriarcale(2). Dans la ville, l’idée du pouvoir

549.0 913.0 2131.0 122.0 paternel fait place à celle de la fraternité.<..........>

546.0 1009.0 2102.0 111.0 <.....................................................>

572.0 1123.0 2094.0 79.0 <............................................>

546.0 1193.0 2108.0 108.0 Déjà les membres des gildes et des « charités » se traitaient de

543.0 1272.0 2134.0 113.0 frères, et, de ces associations restreintes, le mot a passé à l'as¬

540.0 1344.0 2132.0 117.0 sociation totale. Unus subveniat alteri tanquam fra¬

546.0 1438.0 905.0 90.0 tri suo, dit la keure de

1784.0 1441.0 841.0 96.0 « que l’un aide l’autre

546.0 1522.0 2126.0 105.0 comme son frère». Sans doute, entre les frères de la commu¬

537.0 1610.0 2111.0 105.0 ne, les différences sociales sont nombreuses et éclatantes,

540.0 1703.0 2135.0 91.0 une minorité de riches s’est constituée  de très bonne heure

540.0 1785.0 2149.0 111.0 au milieu de la population. Mais à la supériorité de la for¬

537.0 1878.0 2135.0 105.0 tune ne correspond, au début, aucun privilège politique

551.0 1966.0 2118.0 105.0 Encore au commencement du XIIIe siècle, on n’exige en Flandre,

543.0 2068.0 2129.0 96.0 des échevins, qu’une bonne renommée sans condition de

528.0 2144.0 2152.0 108.0 fortune. Il est évident, d’ailleurs, qu’en fait le pouvoir mu¬

528.0 2228.0 2141.0 114.0 nicipal fut exercé dès l’origine par les bourgeois les plus

543.0 2316.0 2137.0 108.0 opulents. C’est là un état de choses inhérent à toutes les démo¬

537.0 2415.0 2146.0 88.0 craties tant qu’elles ne se sont point <.....> divisées <..........>

528.0 2503.0 2149.0 105.0 <....> sous l’influence des conflits économiques. Or, durant

522.0 2596.0 2141.0 102.0 les premiers temps, c’est-à-dire jusque dans le courant de la

528.0 2692.0 2135.0 108.0 première moitié du XIIIe siècle, ces conflits, en germe dans la

531.0 2789.0 2144.0 93.0 constitution sociale des bourgeoisies, n’ont pas encore éclaté.

525.0 2888.0 2135.0 99.0 La grande affaire, pour les villes, à cette époque, c’est de se don¬

513.0 2967.0 2124.0 99.0 ner les institutions qui leur permettent de vivre et, à cette

537.0 3054.0 2073.0 99.0 œuvre essentielle, tous sans distinction, ''grands,, et ''petits,,,

519.0 3136.0 2138.0 105.0 riches et pauvres, travaillent du même cœur et s'entrai¬

525.0 3290.0 2147.0 132.0 (1) On, ce qui revient au même, elle prétend y être indépen¬

496.0 3378.0 1638.0 105.0 .dante. (2) Cf. le mot senior — l’ancien
