2713 3488
2457.0 20.0 189.0 209.0 195

942.0 148.0 750.0 163.0 Chapitre IX

709.0 377.0 1454.0 163.0 Les villes à l’époque de la

985.0 549.0 829.0 110.0 Renaissance.

1302.0 764.0 96.0 64.0 I

616.0 909.0 1986.0 125.0 Les changements politiques, économiques et sociaux qui,

552.0 996.0 2091.0 125.0 depuis le commencement de l’époque bourguignonne avaient

555.0 1090.0 2099.0 98.0 peu à peu modifié la situation des villes, transformé leur com¬

1660.0 1153.0 259.0 70.0 nature

543.0 1174.0 2097.0 102.0 merce et leur industrie, altéré la <........> de leur population

535.0 1252.0 2096.0 108.0 et <................> tout à la fois provoqué leur lutte contre le

965.0 1305.0 302.0 66.0 décidé de

540.0 1325.0 2120.0 107.0 prince et <........> l’issue de cette lutte s’accentuèrent si

532.0 1418.0 2125.0 110.0 rapidement à partir des premières années du XVIe siècle, <.....>

1494.0 1467.0 134.0 76.0 <...>

540.0 1485.0 2135.0 134.0 <.........................................>

537.0 1584.0 2135.0 101.0 <.................................................>

1334.0 1648.0 244.0 78.0 le règne

540.0 1665.0 2111.0 119.0 <............> que, dès <...........> de Philippe le Beau, les bour¬

552.0 1767.0 2073.0 96.0 geoisies se trouvèrent, à tous égards, en face d’un état de choses

529.0 1842.0 2128.0 117.0 complètement différent de celui qui, depuis quatre siècles, avait

529.0 1938.0 2105.0 117.0 déterminé leurs intérêts, leurs tendances et leurs institutions.

537.0 2028.0 2155.0 114.0 Au point de vue politique tout d’abord, leur souverain <......>

529.0 2113.0 2160.0 130.0 <...............................................>

535.0 2209.0 2163.0 113.0 <..................> grâce aux combinaisons et aux hasards de la

2250.0 2287.0 428.0 90.0 fait de lui le

535.0 2296.0 2151.0 131.0 politique matrimoniale a acquis une force qui <..........>

526.0 2400.0 2149.0 114.0 <...> plus puissant potentat de l’Europe et contre laquelle toute

526.0 2479.0 2146.0 148.0 rébellion est désormais impossible <................>

535.0 2572.0 2131.0 139.0 <...............................> Le successeur des ducs de

540.0 2653.0 2132.0 163.0 Bourgogne est devenu avec Charles-Quint maître de l’Espagne, du

529.0 2761.0 2140.0 136.0 Milanais, du royaume de Naples, des domaines de la maison

535.0 2848.0 2134.0 145.0 d’Autriche, de l’Empire, il aspire à la domination universelle

537.0 2950.0 2141.0 139.0 et ses provinces patrimoniales, administrées en son nom par des gou¬

532.0 3025.0 2128.0 154.0 vernantes (Marguerite d’Autriche puis Marie de Hongrie) obéis¬

532.0 3124.0 2146.0 128.0 sent à ses ordres, trop heureuses de l’autonomie interne dont il les

529.0 3197.0 2117.0 145.0 laisse jouir. Car très habilement il évite d’y froisser les vieilles

532.0 3293.0 2131.0 142.0 traditions nationales et d’y semer, par un absolutisme cassant,
