2713 3451
2629.0 2.0 75.0 69.0 48

592.0 2.0 2051.0 90.0 ville a reçu, analogue à l’ancien échevinage territorial,

586.0 77.0 1842.0 81.0 mais indépendant de lui, son échevinage local.¬

650.0 146.0 2019.0 101.0 Tribunal public, l’échevinage urbain est en même temps

558.0 230.0 2120.0 83.0 un tribunal princier puisque, depuis le Xe siècle, le prince est

572.0 299.0 2097.0 83.0 devenu l’organe et le protecteur du droit public. Nous venons de

566.0 382.0 2121.0 92.0 voir d’ailleurs que son président est un représentant ou pour mieux

563.0 448.0 2089.0 92.0 dire un fonctionnaire du prince et il faut ajouter que le

569.0 523.0 2092.0 92.0 prince intervient aussi dans la nomination de ses membres.

558.0 601.0 2100.0 83.0 Mais il est <.............> tout ensemble un tribunal com¬

555.0 678.0 2120.0 92.0 munal et l’on comprend sans peine qu’il n'ait pas pu en

555.0 756.0 2120.0 89.0 être autrement. <..............................>

563.0 833.0 2098.0 90.0 <....................................>

552.0 917.0 2100.0 80.0 <........>. Non seulement, en effet, il est recruté dans le sein de

555.0 983.0 2083.0 109.0 la population urbaine, mais le droit qu’il applique n’est autre

552.0 1066.0 2112.0 81.0 chose que l’œuvre même de la communauté bourgeoise. La loi

543.0 1147.0 2115.0 89.0 suivant laquelle il juge est, comme dit le flamand, une keure,

552.0 1213.0 2089.0 109.0 c’est-à-dire une loi choisie par la bourgeoisie, une loi d’exception

546.0 1308.0 2089.0 101.0 que le prince reconnaît et ratifie, mais qui ne vient ni de lui

532.0 1366.0 2114.0 117.0 ni de la coutume territoriale. Dès lors, la magistrature chargée de

540.0 1452.0 2118.0 118.0 <...> réaliser le droit urbain ne peut être simplement juxtapo¬

529.0 1535.0 2129.0 107.0 sée à la population urbaine. Il faut qu’elle lui appartiennent

535.0 1604.0 2114.0 121.0 <.........> il faut qu’elle soit sienne. Et, en effet, dès le XIe siè¬

535.0 1685.0 2117.0 109.0 cle, <........> les textes appellent indifféremment les échevins

517.0 1765.0 2129.0 110.0 tantôt échevins des bourgeois, tantôt échevins du prince. Ainsi

529.0 1843.0 2135.0 109.0 leur nature est complexe. Ils sont tout à la fois un organisme

523.0 1952.0 2135.0 89.0 princier et un organisme communal et, à mesure qu’on avance,

1985.0 1992.0 431.0 67.0 s'accentuant.

526.0 2030.0 2132.0 77.0 ce second caractère va constamment en <..........>. Car

1262.0 2084.0 124.0 67.0 plus

520.0 2090.0 2138.0 121.0 <.................> il se développe <..........> et se com¬

722.0 2179.0 123.0 64.0 plus

526.0 2171.0 2138.0 121.0 plique, le droit urbain se confond <............>  avec la vie même

517.0 2251.0 2138.0 107.0 de la commune. A la keure primitive, s’ajoutent bientôt des addi¬

509.0 2346.0 2149.0 92.0 tions de toutes sortes rendues indispensables par les <.......> nécessi¬

506.0 2430.0 2140.0 94.0 tés croissantes de l’activité municipale. <...................>

503.0 2507.0 2086.0 98.0 <....................> Des règlements administratifs

1501.0 2570.0 101.0 61.0 de

520.0 2594.0 2103.0 97.0 apparaissent, des mesures tout genre s’imposent et c’est

1165.0 2645.0 489.0 75.0 naturellement

517.0 2665.0 2138.0 110.0 l'échevinage qui <............> se charge de veiller à leur ap¬

512.0 2743.0 2137.0 112.0 plication et de punir les contraventions. Il n’est plus seulement

506.0 2826.0 2146.0 95.0 dès lors le tribunal de la ville, il en est aussi le conseil. A une épo¬

509.0 2918.0 2132.0 101.0 que où les pouvoirs ne sont pas encore distincts les uns des

506.0 3013.0 2066.0 78.0 autres, il réunit à ses attributions de juge les attributions

491.0 3085.0 2095.0 84.0 d’administrateur. Et ainsi, sans cesser d’appartenir au

480.0 3163.0 2126.0 121.0 prince, il appartient de plus en plus à la commune. La gilde qui,

1631.0 3241.0 221.0 60.0 subvenir

494.0 3255.0 2089.0 121.0 primitivement, s’était chargée de <.........> aux besoins les plus
