2713 3476
2527.0 89.0 107.0 55.0 54

565.0 23.0 2121.0 110.0 ailleurs, on distingue facilement des « familles » urbai¬

536.0 110.0 2139.0 92.0 nes. Villes flamandes, villes liégeoises, villes brabançonnes,

542.0 202.0 2127.0 93.0 villes hollandaises, constituent autant de groupes et si

550.0 280.0 2131.0 113.0 l’on veut, autant de types de constituions municipales.

544.0 364.0 2137.0 125.0 Dans chacune des grandes principautés territoriales les

521.0 457.0 2160.0 110.0 institutions des communes accusent une étroite parenté.

544.0 538.0 2137.0 125.0 On ne rencontre point dans les Pays-Bas <...........>

550.0 631.0 2142.0 133.0 le phénomène particulièrement fréquent en France, <....>

542.0 727.0 2118.0 127.0 <..........................> de l’adoption par une foule

536.0 819.0 2139.0 131.0 de localités appartenant à des régions très diverses et rele¬

524.0 915.0 2162.0 119.0 vant de seigneurs différents, du droit propre à quelque ville

742.0 996.0 805.0 72.0 elles prennent la charte

539.0 1008.0 2145.0 115.0 dont <.................> comme modèle <.......>. Rien n'y rap¬

533.0 1089.0 2151.0 127.0 pelle la lointaine diffusion des « établissements » de Rouen par

524.0 1176.0 2148.0 139.0 exemple, ou de ceux de Saint-Quentin(1). Partout le droit ur¬

521.0 1291.0 2148.0 105.0 bain a évolué sur place, s’adaptant au milieu spécial

527.0 1384.0 2125.0 116.0 qui s’imposait à lui <..............................................>

521.0 1480.0 1447.0 104.0 sans faire d’emprunts au dehors. <..>¬

556.0 1575.0 2125.0 110.0 Il est instructif encore de constater que ce droit <.......>

515.0 1656.0 2160.0 99.0 <..............................................>

521.0 1746.0 2160.0 96.0 <...................................> n’est point l’œuvre

568.0 1807.0 342.0 64.0 « nomotèthes »

1034.0 1807.0 400.0 72.0 analogues à

524.0 1822.0 2122.0 110.0 de <...................> ceux de l’antiquité. Son histoire est

533.0 1920.0 2130.0 104.0 celle d'une oeuvre anonyme parce q'uelle est spontanée. Si la

524.0 2001.0 2133.0 110.0 tradition locale conserve, dans plusieurs villes, le nom d’un

515.0 2085.0 2102.0 119.0 <.........> fondateur, <................................>

507.0 2189.0 2156.0 79.0 <...........................> on y chercherait en vain <......>

501.0 2282.0 2177.0 72.0 <.....> les traces d’une initiative personnelle en matière d'ins¬

498.0 2352.0 2186.0 95.0 titutions. Sans doute les chartes municipales sont promul¬

527.0 2447.0 2151.0 104.0 guées au nom du prince, mais il est trop facile de montrer

527.0 2540.0 2119.0 101.0 qu’elles se bornent à ratifier une situation de fait exis¬

510.0 2627.0 2165.0 101.0 tant avant elles ou à octroyer des institutions deman¬

513.0 2711.0 2147.0 101.0 dées par les habitants. En réalité, les constitutions munici¬

1886.0 2786.0 87.0 70.0 les

2449.0 2786.0 145.0 81.0 libre

518.0 2798.0 2119.0 107.0 pales sont nées dans <...............> Pays-Bas du jeu

498.0 2882.0 2162.0 113.0 <..................................> de la vie urbaine.

524.0 2966.0 2133.0 110.0 Elles sont le produit des circonstances économiques et so¬

524.0 3047.0 2148.0 110.0 ciales. <.........> Répondant comme les institutions féodales

524.0 3137.0 2139.0 101.0 à un moment particulier du développement de celles-ci, elles

533.0 3276.0 2142.0 89.0 (1) Voy. les travaux d’A. Giry. Les établissements de Rouen (   )

527.0 3325.0 2142.0 116.0 et Les établissements de Saint-Quentin (     ). Je ne parle
