2713 3431
2489.0 2.0 152.0 86.0 217

563.0 77.0 2104.0 126.0 Il faut reconnaître pourtant que c’est parmi ces der¬

517.0 180.0 2107.0 128.0 niers qu’elle fit les progrès les plus rapides. On constate

540.0 291.0 2127.0 106.0 que ses principaux foyers d’expansion se trouvent préci¬

523.0 380.0 2144.0 103.0 sément dans les contrées où règne la grande industrie.

535.0 474.0 2137.0 100.0 C’est à Tournai, à Valenciennes, et à Lille, c’est à Hond¬

543.0 583.0 2135.0 91.0 schoote et à Armentières, c’est autour d'Audenarde,

538.0 680.0 2126.0 94.0 c’est dans les ports de Hollande et de Zélande, c’est enfin

535.0 769.0 2100.0 103.0 au centre même de la vie économique des Pays-Bas, à

526.0 886.0 2135.0 97.0 Anvers, qu’elle accomplit ses progrès les plus rapides. Elle

512.0 966.0 2140.0 103.0 triomphe surtout là òù le travailleur est réduit à

506.0 1086.0 2155.0 80.0 une existence précaire et où ses souffrances <.....>

517.0 1160.0 2147.0 100.0 <...................> le poussent à embrasser toutes les

517.0 1266.0 2155.0 100.0 nouveautés. Le mécontentement, l’esprit de révolte, l'es¬

1370.0 1338.0 109.0 48.0 son

540.0 1372.0 2127.0 91.0 poir d'améliorer <...> sort ont agi confusément en fa¬

540.0 1458.0 2118.0 114.0 veur du calvinisme et <...> fait germer les semences jetées

529.0 1561.0 2146.0 103.0 au sein du peuple par la prédication de ses « ministres ». Dé¬

2303.0 1629.0 389.0 135.0 l’anabaptis¬

523.0 1655.0 1858.0 117.0 tachés déjà de l’Eglise traditionnelle par <.......>

526.0 1766.0 2141.0 101.0 me, une foule d’ouvriers se sont jetés fougueusement

540.0 1855.0 2138.0 103.0 dans la doctrine nouvelle et à mesure que l’excitation

540.0 1961.0 2132.0 103.0 des esprits augmente <..>, des gens sans aveu, des vagabonds,

2409.0 2018.0 109.0 57.0 bref

535.0 2055.0 2146.0 97.0 des coureurs d’aventures, <..........................> tous les

1310.0 2130.0 89.0 77.0 qu'

532.0 2150.0 2077.0 100.0 éléments de trouble agite <...> chaque mouvement du

1130.0 2218.0 338.0 83.0 préparent

549.0 2253.0 2155.0 108.0 corps social, se <.........> à lui apporter le concours de leur

538.0 2353.0 2166.0 111.0 <........> force brutale et à joindre les convoitises de leurs

552.0 2453.0 2155.0 125.0 appétits aux énergies <......................> de la foi

535.0 2567.0 2166.0 106.0 évangélique. La maladresse de Philippe II, qui a succédé

546.0 2661.0 2152.0 118.0 à son père en 1555 - l’opposition déchaînée contre lui par la

546.0 2764.0 2135.0 103.0 haute noblesse, la crise industrielle provoquée par l’é¬

540.0 2862.0 2135.0 108.0 migration de milliers de calvinistes fuyant la persécu¬

543.0 2944.0 2161.0 123.0 tion religieuse, le désarroi de la gouvernante Marguerite

555.0 3053.0 2117.0 86.0 de Parme, le compromis des seigneurs enfin et l’audace

558.0 3145.0 2146.0 103.0 de ses revendications amenèrent brusquement, en 1566,

549.0 3242.0 2126.0 108.0 une catastrophe décisive : le soulèvement des iconoclastes.
