2713 3512
2563.0 20.0 100.0 70.0 20

559.0 40.0 2086.0 129.0 <...... ........> Répression sévère en matière

585.0 137.0 2086.0 141.0 pénale procédure rapide en matière civile, telles

1585.0 213.0 99.0 76.0 les

574.0 210.0 2089.0 170.0 sont <...............> besoins primordiaux de la

571.0 292.0 2103.0 173.0 population urbaine, et telles sont aussi ses revendi¬

565.0 439.0 1134.0 117.0 -cations les plus anciennes .

603.0 488.0 2051.0 167.0 Elles vont de pair avec d'autres besoins et d'autres

574.0 582.0 2062.0 152.0 revendications qui en découlent. Tout d'abord, le

585.0 684.0 2060.0 144.0 droit ne peut changer sans que l'organisation judi¬

1251.0 775.0 90.0 64.0 ne

583.0 769.0 2065.0 144.0 ciaire elle-même se transforme. Il est évident que

565.0 845.0 2118.0 167.0 les antiques échevinages carolingiens, recrutés <...>

585.0 933.0 2072.0 167.0 <...........> plat-pays et s'assémblant périodi¬

946.0 959.0 261.0 71.0 dans le

597.0 1024.0 2077.0 164.0 quement entre les murailles des châteaux, ne pour¬

574.0 1097.0 2065.0 170.0 ront plus servir d'organes à la coutume des portus. Il

1587.0 1185.0 273.0 64.0 ceux-ci

585.0 1194.0 2048.0 161.0 faudra donc créer pour <.....> une cour de justice

1702.0 1270.0 146.0 70.0 seront

562.0 1276.0 2107.0 163.0 spéciale, dont les membres nécessairement <......>

574.0 1357.0 2100.0 173.0 <...> choisis parmi leurs habitants . Et l'adminis¬

568.0 1460.0 2103.0 178.0 tration financière ne devra pas moins se renou¬

562.0 1530.0 2118.0 193.0 veler que l'administration de la justice. <.....>

580.0 1627.0 2094.0 193.0 <...... ....... ... ...... ......... .......>

559.0 1729.0 2115.0 167.0 <...... ....... ... ...... ......... .......>7

580.0 1820.0 2086.0 190.0 <........> Ici encore le commerce ne peut s'acco¬

568.0 1905.0 2103.0 175.0 moder d'un système élaboré en pleine économie rura¬

571.0 2001.0 2109.0 182.0 le et fait pour une époque où les échanges en nature

565.0 2115.0 2106.0 147.0 l'emportent de beaucoup sur la circulation mo¬

562.0 2189.0 2083.0 181.0 nétaire. <........... ......> La taille arbitraire, les

583.0 2294.0 2091.0 158.0 prestations brutales du tonlieu deviennent insuppor¬

571.0 2379.0 2086.0 164.0 tables dans le milieu marchand. <......... ....>

565.0 2473.0 2086.0 149.0 <.....> La fortune mobilière naissante ne peut s'adap¬

571.0 2575.0 2103.0 120.0 ter à des institutions fiscales faites pour un temps où la

565.0 2651.0 2086.0 146.0 terre était la seule richesse. Et le besoin d'une réfor¬

571.0 2753.0 1775.0 132.0 me ici encore se fait impérieusement sentir.

603.0 2833.0 2048.0 163.0 La condition personnelle des individus enfin, doit, elle

565.0 2929.0 2112.0 155.0 aussi , s'adapter aux conditions d'existence de la popu¬

562.0 3008.0 2115.0 158.0 lation marchande. <...... ... .... ... ...... .. .. ...>

577.0 3087.0 2086.0 161.0 <...... ....... ........ ...... ......... .......>

571.0 3169.0 2071.0 155.0 <...... ....... ... ...... ......... ............>

577.0 3254.0 2039.0 184.0 <............... ... ...... .... ........ .......>

87.0 2812.0 372.0 102.0 <...............>

96.0 2900.0 378.0 85.0 <...............>

93.0 2961.0 364.0 79.0 <...............>

117.0 2996.0 401.0 103.0 <...............>

96.0 3078.0 422.0 103.0 <...............>

87.0 3157.0 431.0 76.0 Jeunes et

90.0 3204.0 454.0 103.0 taires pour la plu¬

87.0 3277.0 460.0 94.0 les immigrants des

117.0 3339.0 442.0 82.0 furent forcés de

93.0 3418.0 405.0 76.0 e leurs femmes
