2713 3528
2457.0 44.0 147.0 120.0 190

532.0 82.0 2092.0 138.0 nue forcément l’exclusivisme municipal. En rap¬

553.0 208.0 2062.0 103.0 ports continuels avec <...........> l’organisation générale

544.0 296.0 2060.0 103.0 du pays, les villes ne peuvent plus se considérer comme

538.0 393.0 2074.0 109.0 autant de petits mondes à part. Elles sentent qu’elles font

541.0 496.0 2095.0 103.0 partie d’un tout plus grand <....> qu’elles et dont, au lieu de

541.0 573.0 2107.0 150.0 la diriger, elles subissent l’action. Si défiante que la petite

547.0 679.0 2036.0 132.0 bourgeoisie reste à son égard, elle la tolère parce qu’elle la

550.0 782.0 2086.0 152.0 craint et que d’ailleurs elle en profite. Quant aux classes

544.0 870.0 2121.0 153.0 riches, nous l’avons déjà dit, elle se hâte de profiter des cir¬

544.0 970.0 2051.0 150.0 constances et de porter désormais au service de l’État

544.0 1061.0 2086.0 170.0 une activité qu’elle n’avait dépensée jusqu’alors que

553.0 1155.0 2001.0 162.0 dans le cercle restreint de la politique communale. ¬

665.0 1284.0 1989.0 165.0 Ces changements ne se sont point accomplis, à la vérité,

550.0 1381.0 2068.0 168.0 sans rencontrer de résistance. Après la mort de Philippe

585.0 1475.0 2077.0 171.0 le Bon (  ), l’absolutisme hautain de Charles le Téméraire

556.0 1596.0 2071.0 138.0 compromit très gravement les résultats acquis. N’étant

556.0 1687.0 2065.0 147.0 encore que comte de Charolais, il s’était un jour vanté

553.0 1775.0 2095.0 177.0 devant les Bruxellois « que par Saint-Georges, une fois si

559.0 1884.0 2083.0 147.0 jamais il devenoit duc il le leur feroit bien sentir et

553.0 1975.0 2101.0 180.0 ne feroient point de luy comme ils avoient fait du père

567.0 2075.0 2051.0 165.0 qui leur avoit esté trop doux et les avoit enrichis et

550.0 2169.0 2124.0 180.0 donné l’orgueil qu’ils avoient ». Il tint rigoureusement

547.0 2269.0 2115.0 188.0 sa parole. Le sac de Liège fit comprendre aux villes qu’elles

553.0 2378.0 2101.0 179.0 avaient désormais un maître inaccessible à la clémence

550.0 2481.0 2118.0 173.0 et « qui aimoit mieux être haï que méprisé ». L’autonomie

547.0 2575.0 2104.0 185.0 municipale que Philippe avait respectée fut livrée

553.0 2672.0 2083.0 188.0 au bon plaisir du prince. Les traditions anciennes, les

556.0 2772.0 2104.0 188.0 droits acquis, les privilèges fondamentaux <...............>

591.0 2878.0 2057.0 194.0 <.......> furent foulés aux pieds.  A Gand, l’élection des é¬

579.0 2992.0 2089.0 177.0 chevins fut abandonnée exclusivement aux commissai¬

579.0 3087.0 2078.0 167.0 res du duc; il abolit les trois membres de la bourgeoisies

579.0 3166.0 2081.0 170.0 et voulut qu’à l’avenir tous les habitants ne formassent

594.0 3266.0 2013.0 191.0 plus qu’un seul « corps et communauté ». En Hollande, il
