2713 3518
2413.0 20.0 126.0 59.0 74

554.0 85.0 2041.0 99.0 expliquer les phénomènes que présente celle-ci dans

545.0 146.0 2044.0 132.0 une des régions de l’Europe précisément où elle s’est

560.0 237.0 2056.0 135.0 développée avec la plus grande vigueur. On aurait sans

551.0 322.0 2074.0 135.0 doute évité cet inconvénient si, au lieu de décrire l’éco¬

815.0 419.0 410.0 76.0 municipale

560.0 430.0 2076.0 121.0 nomie <........> d’après des exemples d’époque assez

551.0 501.0 2047.0 141.0 tardive et de développement incomplet, on avait

566.0 612.0 2029.0 123.0 pris, comme point de départ <.......................> des

551.0 700.0 2076.0 120.0 agglomérations plus anciennes et plus puissantes. Ce que

542.0 773.0 2100.0 153.0 nous avons déjà eu l’occasion de dire à propos des ins¬

545.0 861.0 2056.0 156.0 titutions se justifie de nouveau en cet endroit. Les

548.0 964.0 2100.0 138.0 centres primitifs de l’évolution urbaine doivent <.....>

554.0 1070.0 2076.0 120.0 l'emporter sur les centres secondaires. C'est eux qui doi¬

554.0 1152.0 2088.0 129.0 vent pouvoir <...........> la matière à l'analyse scien¬

548.0 1240.0 2097.0 129.0 tifique. A cet égard, la Flandre revendique dans l'é¬

551.0 1328.0 2047.0 137.0 tude de ces questions difficiles une place privilégiée.

557.0 1410.0 2088.0 117.0 Peut-être les développements qui suivent et dans les¬

557.0 1503.0 2088.0 115.0 quels on a <.....> naturellement évité toute discussion,

554.0 1594.0 1868.0 112.0 prouveront-ils l’exactitude de cette observation.

586.0 1685.0 2003.0 117.0 Le caractère économique le plus saillant de la ville

554.0 1782.0 2088.0 111.0 c’est qu'elle est stérile. Il faut prendre ce mot dans son

548.0 1879.0 2109.0 105.0 sens connu et entendre par là que, abandonnée à elle

554.0 1967.0 2103.0 102.0 même, elle ne pourrait nourrir ses habitants. Par elle

548.0 2078.0 2103.0 88.0 même, en effet, elle ne produit aucun <......> aliment.

566.0 2151.0 2064.0 103.0 Elle a beau posséder une banlieue de quelque étendue,

554.0 2251.0 2123.0 88.0 on a beau y rencontrer en nombre considérable, comme <....>

554.0 2324.0 2117.0 109.0 dans tant de bourgs de notre temps, des étables à vaches

554.0 2421.0 2117.0 100.0 ou des toits à porcs, il n’en reste pas moins vrai que, sans

560.0 2503.0 2100.0 114.0 l’afflux perpétuel des moissons et des viandes de la

1132.0 2574.0 393.0 79.0 population

551.0 2606.0 2094.0 88.0 campagne, sa <..........> serait bien vite condamnée

551.0 2691.0 2097.0 111.0 à mourir de faim. Le village, le grand domaine se suf¬

560.0 2773.0 2023.0 120.0 fisent à eux-mêmes, sans eux, au contraire, la ville ne

1932.0 2837.0 71.0 65.0 et

560.0 2870.0 2085.0 96.0 pourrait subsister. Comme le clerc, comme le noble, le

554.0 2958.0 2117.0 105.0 bourgeois <.........................> de par son

563.0 3037.0 2094.0 96.0 genre d'activité ne peut subvenir directement à son exis¬

560.0 3125.0 2091.0 105.0 tence. Mais sa situation est bien plus difficile que celle du

563.0 3213.0 2062.0 111.0 noble ou que celle du clerc. Ceux-ci, en effet, possèdent la

566.0 3298.0 2076.0 102.0 terre : s’ils ne la travaillent pas eux-mêmes, ils en per¬

563.0 3377.0 2114.0 105.0 çoivent les produits puisqu’elle leur appartient et leur
