2713 3521
2530.0 11.0 118.0 74.0 56

607.0 46.0 2044.0 115.0 dans lesquelles on a vu à tort le point de départ et toute

625.0 134.0 499.0 71.0 l'organisation

598.0 149.0 2050.0 115.0 <.........> municipale. C’est ainsi que l’on a prétendu

598.0 261.0 2053.0 88.0 rattacher celle-ci soit à l’ancienne organisation judi¬

616.0 337.0 2047.0 108.0 ciaire de l’époque franque, soit à la « marche » (1) germa¬

604.0 431.0 2059.0 108.0 nique ou à la communauté de village. Il est trop évident

610.0 525.0 2023.0 111.0 qu’une saine méthode doit procéder tout autrement, re¬

598.0 619.0 2023.0 94.0 monter aux sources mêmes et étudier la formation des

590.0 695.0 2055.0 120.0 bourgeoisies là où elles se sont constituées tout d’abord. Ce n’est

598.0 792.0 2041.0 120.0 pas aux villes de second ordre qu’il faut demander le

598.0 877.0 2032.0 120.0 secret des origines de la vie urbaine. Il réside dans

587.0 962.0 2076.0 132.0 les foyers primitifs du commerce, c’est-à-dire dans les lo¬

619.0 1070.0 2052.0 118.0 calités qui favorisées de tout temps par la nature, sont

622.0 1167.0 1999.0 100.0 devenues de grandes cités mercantiles. <....> Partout

607.0 1270.0 2050.0 97.0 ailleurs on ne trouvera que des imitations postérieures, des

607.0 1358.0 2017.0 91.0 appropriations plus ou moins réussies, des copies plus ou

601.0 1458.0 793.0 85.0 moins exactes. <....>

631.0 1546.0 2037.0 111.0 Des types divers que l’organisation urbaine a créés dans

604.0 1637.0 2062.0 108.0 les Pays-Bas, deux seulement sont assez bien connus de¬

607.0 1725.0 2026.0 114.0 puis l’origine pour pouvoir être décrits dans ce livre :

613.0 1816.0 2035.0 129.0 le type liégeois et le type flamand. Les villes hollandaises,

613.0 1913.0 2003.0 120.0 <..............> sauf Utrecht, qui présente d’ailleurs

601.0 2009.0 2026.0 106.0 une assez grande ressemblance avec Liège, ne nous

613.0 2092.0 1973.0 120.0 dévoilent leurs institutions qu’à partir du XIIIe siècle.

616.0 2188.0 2035.0 121.0 Quant aux villes brabançonnes, quoique l’on possède

613.0 2279.0 2061.0 121.0 sur elles des renseignements plus anciens, elles sont bien

616.0 2370.0 2055.0 126.0 loin pourtant de se prêter aussi bien que leurs voisines

628.0 2458.0 2061.0 141.0 de l’Est et de l’Ouest, à une description précise. La Flandre

607.0 2552.0 2067.0 138.0 et le pays de Liège nous présentent d’ailleurs deux <.....>

607.0 2646.0 2067.0 138.0 <...> types particulièrement caractéristiques et <...>

625.0 2734.0 2023.0 132.0 dont se rapprochent plus ou moins étroitement ceux

628.0 2852.0 919.0 70.0 des autres territoires.

651.0 2925.0 2041.0 111.0 Nous commencerons par le pays de Liège dont les insti¬

619.0 3054.0 2055.0 126.0 (1) <.......> Je fais allusion ici à la théorie jadis fort

622.0 3148.0 2058.0 97.0 répandue de von Maurer. L. Vanderkindere a cherché

625.0 3215.0 2020.0 103.0 à l’appliquer aux Pays-Bas dans son intéressante étude

610.0 3295.0 2053.0 114.0 intitulée : Notice sur l'origine du magistratures com¬

622.0 3359.0 2041.0 100.0 munaux et sur l’organisation de la marke dans nos

622.0 3432.0 308.0 74.0 contrées.
