<?xml version='1.0' encoding='UTF-8'?>
<alto xmlns="http://www.loc.gov/standards/alto/ns-v4#" xmlns:xsi="http://www.w3.org/2001/XMLSchema-instance" xsi:schemaLocation="http://www.loc.gov/standards/alto/ns-v4# http://www.loc.gov/standards/alto/v4/alto-4-2.xsd">
  <Description>
    <MeasurementUnit>pixel</MeasurementUnit>
    <sourceImageInformation>
      <fileName>ARCH-DIV-000494_0141.png</fileName>
    </sourceImageInformation>
  </Description>
  <Tags>
    <OtherTag ID="BT1" LABEL="Title" DESCRIPTION="block type Title" /><OtherTag ID="BT2" LABEL="Main" DESCRIPTION="block type Main" /><OtherTag ID="BT3" LABEL="Commentary" DESCRIPTION="block type Commentary" /><OtherTag ID="BT4" LABEL="Illustration" DESCRIPTION="block type Illustration" /><OtherTag ID="BT130" LABEL="TitlePageZone" DESCRIPTION="block type TitlePageZone" /><OtherTag ID="BT131" LABEL="MarginTextZone" DESCRIPTION="block type MarginTextZone" /><OtherTag ID="BT132" LABEL="MainZone" DESCRIPTION="block type MainZone" /><OtherTag ID="BT133" LABEL="CustomZone:numbering" DESCRIPTION="block type CustomZone:numbering" /><OtherTag ID="BT134" LABEL="NumberingZone" DESCRIPTION="block type NumberingZone" /><OtherTag ID="BT136" LABEL="MarginTextZone:lower" DESCRIPTION="block type MarginTextZone:lower" />
    <OtherTag ID="LT75" LABEL="HeadingLine" DESCRIPTION="line type HeadingLine" /><OtherTag ID="LT76" LABEL="DefaultLine" DESCRIPTION="line type DefaultLine" /><OtherTag ID="LT77" LABEL="InterlinearLine:correction" DESCRIPTION="line type InterlinearLine:correction" /><OtherTag ID="LT78" LABEL="InterlinearLine:addition" DESCRIPTION="line type InterlinearLine:addition" />
  </Tags>
  <Layout>
    <Page WIDTH="2713" HEIGHT="3511" PHYSICAL_IMG_NR="136" ID="eSc_dummypage_">
      <PrintSpace HPOS="0" VPOS="0" WIDTH="2713" HEIGHT="3511">
        <TextBlock HPOS="511.0" VPOS="53.0" WIDTH="2196.0" HEIGHT="3411.0" ID="fdf35d84-0ca9-4fad-8455-a5b20a03eadd" TAGREFS="BT132">
          <Shape><Polygon POINTS="2707 120 2691 3464 511 3464 531 53" /></Shape>
          <TextLine ID="eSc_line_b634621e" TAGREFS="LT76" BASELINE="573 146 2575 155" HPOS="567.0" VPOS="76.0" WIDTH="2005.0" HEIGHT="122.0">
            <Shape><Polygon POINTS="2557 117 2235 108 2221 105 1779 105 1729 90 1650 87 1586 96 1322 84 1240 102 1161 78 854 78 769 99 714 78 570 76 570 143 567 166 924 169 945 187 1041 169 1141 184 1396 175 1448 193 1635 172 1817 193 1899 172 1995 198 2361 198 2458 175 2487 196 2499 196 2569 172 2572 152 2569 117 2557 117" /></Shape>
	    <String CONTENT="dérouler en Flandre trop dangereux, pour que les" HPOS="567.0" VPOS="76.0" WIDTH="2005.0" HEIGHT="122.0" />
          </TextLine>
          <TextLine ID="eSc_line_09aa2ce5" TAGREFS="LT76" BASELINE="567 251 728 239 2642 248" HPOS="564.0" VPOS="184.0" WIDTH="2075.0" HEIGHT="88.0">
            <Shape><Polygon POINTS="564 248 564 272 2636 266 2639 245 2636 204 1548 187 1545 187 1542 187 1539 187 1516 201 1513 204 1293 204 1290 201 1249 187 1246 187 1243 187 1240 187 1237 187 1217 201 1196 184 1194 184 1191 184 1188 184 775 198 728 184 725 184 722 184 719 184 670 198 629 184 626 184 623 184 620 184 564 198 564 248" /></Shape>
	    <String CONTENT="patriciens s’obstinassent &lt;...........&gt; dans leur intran¬" HPOS="564.0" VPOS="184.0" WIDTH="2075.0" HEIGHT="88.0" />
          </TextLine>
          <TextLine ID="eSc_line_75105f43" TAGREFS="LT76" BASELINE="573 330 2639 351" HPOS="567.0" VPOS="272.0" WIDTH="2069.0" HEIGHT="114.0">
            <Shape><Polygon POINTS="570 327 567 354 608 374 714 374 714 371 755 351 842 354 860 371 860 374 1129 354 1276 371 1571 362 1615 380 1738 359 1764 380 1779 380 1802 362 2107 362 2156 386 2259 368 2631 386 2636 348 2628 286 2575 301 2475 286 2288 301 2268 286 2268 283 2019 298 1963 280 1954 280 1905 295 1770 280 1516 295 1460 275 1451 275 1404 295 1235 295 1208 275 1196 275 1161 292 1117 272 945 289 640 272 570 283 570 327" /></Shape>
	    <String CONTENT="sigeance. D’ailleurs, le chapitre cathédral prenait fait" HPOS="567.0" VPOS="272.0" WIDTH="2069.0" HEIGHT="114.0" />
          </TextLine>
          <TextLine ID="eSc_line_141d0a89" TAGREFS="LT76" BASELINE="564 435 2631 447" HPOS="558.0" VPOS="380.0" WIDTH="2070.0" HEIGHT="105.0">
            <Shape><Polygon POINTS="561 433 558 456 582 471 585 471 588 471 591 471 594 471 646 456 684 476 687 476 690 476 875 459 948 476 951 476 954 476 957 476 959 476 980 459 1041 471 1044 471 1047 471 1050 471 1071 456 1106 473 1109 473 1112 473 1188 459 1220 479 1223 479 1226 479 1229 479 1349 459 1360 459 1398 459 1791 482 1794 482 2054 468 2133 465 2250 465 2262 471 2291 485 2294 485 2297 485 2388 473 2443 465 2622 473 2628 444 2628 392 561 380 561 433" /></Shape>
	    <String CONTENT="et cause pour les gens de métier. Bon gré malgré les li¬" HPOS="558.0" VPOS="380.0" WIDTH="2070.0" HEIGHT="105.0" />
          </TextLine>
          <TextLine ID="eSc_line_4c58d2db" TAGREFS="LT76" BASELINE="576 541 2657 541" HPOS="573.0" VPOS="482.0" WIDTH="2081.0" HEIGHT="103.0">
            <Shape><Polygon POINTS="576 585 661 561 804 585 804 582 834 558 1393 558 1416 573 1428 585 1439 585 1513 561 1662 585 1747 564 1767 567 1817 582 1899 564 2057 585 2221 567 2303 585 2452 570 2604 585 2654 555 2654 500 2382 500 2382 497 2364 482 2136 482 2121 497 2042 482 1987 500 1688 500 1656 482 1589 497 1521 482 1513 482 1492 497 1472 482 1252 497 1229 482 1091 497 573 491 573 538" /></Shape>
	    <String CONTENT="gnages consentirent à partager avec les « petits » le pouvoir" HPOS="573.0" VPOS="482.0" WIDTH="2081.0" HEIGHT="103.0" />
          </TextLine>
          <TextLine ID="eSc_line_8081d7e8" TAGREFS="LT76" BASELINE="582 634 1024 623 2628 629" HPOS="579.0" VPOS="564.0" WIDTH="2046.0" HEIGHT="106.0">
            <Shape><Polygon POINTS="2595 593 2361 593 2355 588 2174 588 2145 567 2133 567 2095 585 1957 567 1656 585 1635 567 1524 567 1442 585 1299 567 1217 585 1158 567 989 567 951 585 857 570 813 585 740 567 728 567 708 585 646 564 638 564 579 582 579 667 684 646 766 670 793 667 875 649 1059 667 1059 664 1085 643 1334 664 1372 664 1451 643 1682 658 1796 643 1887 661 2083 643 2203 670 2622 652 2625 626 2613 570 2604 573 2595 593" /></Shape>
	    <String CONTENT="publique. Les métiers obtinrent le droit de &lt;.......&gt;" HPOS="579.0" VPOS="564.0" WIDTH="2046.0" HEIGHT="106.0" />
          </TextLine>
          <TextLine ID="eSc_line_c5c2f83f" TAGREFS="LT77" BASELINE="2364 593 2614 595" HPOS="2358.0" VPOS="547.0" WIDTH="255.0" HEIGHT="73.0">
            <Shape><Polygon POINTS="2361 591 2358 608 2607 620 2613 593 2610 555 2361 547 2361 591" /></Shape>
	    <String CONTENT="donner" HPOS="2358.0" VPOS="547.0" WIDTH="255.0" HEIGHT="73.0" />
          </TextLine>
          <TextLine ID="eSc_line_cf75e361" TAGREFS="LT76" BASELINE="579 731 1311 713 2619 728" HPOS="576.0" VPOS="658.0" WIDTH="2040.0" HEIGHT="96.0">
            <Shape><Polygon POINTS="576 728 576 751 1018 737 1150 751 1246 737 1565 737 1647 754 1735 740 2610 751 2616 725 2610 664 2519 681 2443 664 2429 664 2405 684 2171 684 2110 661 2098 661 2072 684 2007 684 1873 661 1729 678 1568 658 1562 658 1521 675 1436 658 1360 675 1322 658 1314 658 1276 675 1208 658 1036 672 977 658 965 658 933 681 787 681 728 658 717 658 690 681 576 681 576 728" /></Shape>
	    <String CONTENT="à la ville l’un de ses deux « maîtres » et d’être" HPOS="576.0" VPOS="658.0" WIDTH="2040.0" HEIGHT="96.0" WC="0.9645833497246107" />
          </TextLine>
          <TextLine ID="eSc_line_9b22df37" TAGREFS="LT76" BASELINE="561 828 1516 804 2613 804" HPOS="556.0" VPOS="743.0" WIDTH="2054.0" HEIGHT="114.0">
            <Shape><Polygon POINTS="558 857 837 836 1100 851 1138 833 1264 848 1287 848 1428 830 1475 845 1498 845 1665 828 1738 845 2230 822 2306 839 2314 839 2344 825 2417 839 2455 825 2604 828 2610 801 2604 760 2203 763 2013 743 1934 766 1916 763 1867 746 1750 760 1720 746 1712 746 1653 772 1533 772 1504 749 1352 766 1296 751 1284 751 1255 772 1243 763 1217 751 1211 751 1009 754 939 775 556 769 558 825" /></Shape>
	    <String CONTENT="représentés dans le conseil (1303). Mais ces conces¬" HPOS="556.0" VPOS="743.0" WIDTH="2054.0" HEIGHT="114.0" />
          </TextLine>
          <TextLine ID="eSc_line_bb9244be" TAGREFS="LT76" BASELINE="564 915 1671 898 2639 904" HPOS="558.0" VPOS="845.0" WIDTH="2078.0" HEIGHT="100.0">
            <Shape><Polygon POINTS="561 912 561 945 717 927 1003 942 1006 942 1094 924 1135 942 1138 942 1141 942 1147 942 1363 927 1407 942 1410 942 1413 942 1416 942 1419 942 1422 942 1480 921 1556 936 1559 936 1562 936 1615 921 2633 933 2636 901 2633 860 1981 845 1978 845 1884 860 1758 848 1755 848 1753 848 1723 863 1477 848 1475 848 1384 866 1085 851 1082 851 1079 851 1015 871 661 871 638 854 635 854 632 854 629 854 626 854 558 871 561 912" /></Shape>
	    <String CONTENT="sions arrachées par la crainte ne devaient pas durer" HPOS="558.0" VPOS="845.0" WIDTH="2078.0" HEIGHT="100.0" />
          </TextLine>
          <TextLine ID="eSc_line_e3748922" TAGREFS="LT76" BASELINE="573 1003 2101 994 2663 1006" HPOS="567.0" VPOS="933.0" WIDTH="2093.0" HEIGHT="114.0">
            <Shape><Polygon POINTS="570 1000 570 1047 731 1021 816 1021 869 1044 1030 1021 1056 1041 1056 1044 1065 1047 1240 1047 1240 1044 1328 1018 1741 1018 1899 1041 2013 1018 2159 1035 2224 1024 2244 1041 2253 1044 2396 1044 2396 1041 2437 1021 2654 1041 2660 1003 2657 956 2156 956 2124 936 2016 947 1922 933 1785 947 1767 933 1755 933 1685 956 1685 959 1615 959 1615 956 1589 936 1498 936 1457 956 1363 936 1319 959 1147 959 1123 939 1112 939 1050 956 1030 939 1030 936 798 936 769 956 588 936 567 950 570 1000" /></Shape>
	    <String CONTENT="plus longtemps qu’elle. Bientôt les patriciens reprennent" HPOS="567.0" VPOS="933.0" WIDTH="2093.0" HEIGHT="114.0" />
          </TextLine>
          <TextLine ID="eSc_line_2b0c35d3" TAGREFS="LT76" BASELINE="570 1094 2642 1094" HPOS="567.0" VPOS="1035.0" WIDTH="2072.0" HEIGHT="103.0">
            <Shape><Polygon POINTS="567 1091 567 1117 585 1129 693 1114 737 1138 942 1114 962 1114 1036 1138 1264 1123 1316 1138 1325 1138 1369 1114 1401 1132 1609 1114 1688 1138 1858 1114 2180 1117 2200 1138 2279 1123 2393 1138 2443 1120 2636 1132 2639 1056 2300 1056 2227 1035 2215 1035 2183 1056 1846 1056 1770 1035 1635 1053 1589 1035 1501 1053 1448 1035 1439 1035 1407 1053 1100 1053 1079 1035 918 1035 872 1056 567 1056 567 1091" /></Shape>
	    <String CONTENT="courage. S’appuyant sur l’évêque comme le peuple s'ap¬" HPOS="567.0" VPOS="1035.0" WIDTH="2072.0" HEIGHT="103.0" />
          </TextLine>
          <TextLine ID="eSc_line_3ad3fac1" TAGREFS="LT76" BASELINE="576 1190 1914 1173 2633 1182" HPOS="570.0" VPOS="1132.0" WIDTH="2061.0" HEIGHT="96.0">
            <Shape><Polygon POINTS="573 1187 576 1228 629 1208 696 1222 699 1222 819 1208 842 1222 845 1222 848 1222 851 1222 977 1205 1027 1220 1033 1222 1036 1222 1038 1222 1041 1222 1050 1220 1100 1205 1115 1220 1117 1222 1120 1222 1123 1222 1126 1225 1240 1225 1240 1222 1278 1217 1337 1205 1355 1214 1360 1220 1363 1220 1366 1220 1369 1222 1589 1222 1589 1220 2127 1202 2279 1196 2312 1196 2534 1214 2537 1214 2628 1190 2631 1179 2628 1132 570 1132 573 1187" /></Shape>
	    <String CONTENT="puie sur le chapitre, ils prétendent restaurer leurs ancien¬" HPOS="570.0" VPOS="1132.0" WIDTH="2061.0" HEIGHT="96.0" />
          </TextLine>
          <TextLine ID="eSc_line_3ab5bf50" TAGREFS="LT76" BASELINE="558 1275 1896 1263 2654 1272" HPOS="553.0" VPOS="1208.0" WIDTH="2098.0" HEIGHT="108.0">
            <Shape><Polygon POINTS="556 1272 558 1307 617 1293 676 1316 959 1316 959 1313 1038 1299 1565 1307 1656 1290 1805 1304 1922 1290 2001 1310 2013 1310 2013 1307 2036 1287 2092 1287 2203 1307 2282 1290 2329 1304 2350 1307 2408 1287 2455 1304 2473 1307 2648 1301 2651 1269 2648 1225 2218 1208 2177 1222 2130 1208 2121 1208 2083 1225 1565 1211 1536 1225 1220 1214 1147 1228 1132 1228 1036 1214 1018 1231 553 1231 556 1272" /></Shape>
	    <String CONTENT="nes prérogatives dans toute leur intégrité. Exaspérés par" HPOS="553.0" VPOS="1208.0" WIDTH="2098.0" HEIGHT="108.0" />
          </TextLine>
          <TextLine ID="eSc_line_385005a4" TAGREFS="LT76" BASELINE="561 1369 2566 1360 2663 1372" HPOS="556.0" VPOS="1304.0" WIDTH="2104.0" HEIGHT="100.0">
            <Shape><Polygon POINTS="558 1366 558 1398 875 1386 904 1398 913 1404 916 1404 918 1404 921 1404 942 1398 995 1386 1015 1398 1021 1404 1024 1404 1027 1404 1030 1404 1062 1398 1123 1389 1220 1398 1270 1404 1273 1404 1276 1404 1278 1404 1278 1401 1281 1398 1302 1383 1627 1383 1782 1398 1805 1401 1808 1401 1832 1398 1993 1380 2654 1398 2660 1369 2657 1322 2543 1304 2540 1304 1984 1322 1911 1307 1908 1307 1407 1322 1273 1307 1270 1307 1144 1325 605 1310 602 1310 599 1310 556 1325 558 1366" /></Shape>
	    <String CONTENT="la résistance qu’ils rencontrent, ils se décident à risquer" HPOS="556.0" VPOS="1304.0" WIDTH="2104.0" HEIGHT="100.0" />
          </TextLine>
          <TextLine ID="eSc_line_eadfa1a9" TAGREFS="LT76" BASELINE="561 1457 2672 1457" HPOS="558.0" VPOS="1395.0" WIDTH="2111.0" HEIGHT="88.0">
            <Shape><Polygon POINTS="558 1454 558 1477 2666 1483 2669 1416 2560 1416 2537 1395 2364 1416 2159 1416 2098 1395 2086 1395 2060 1413 2019 1395 2010 1395 1960 1413 1887 1395 1875 1395 1852 1416 1507 1416 1436 1395 1428 1395 1369 1413 1302 1395 1293 1395 1249 1413 1196 1395 1188 1395 1135 1413 1094 1395 1082 1395 1059 1416 954 1416 927 1395 804 1410 696 1395 658 1416 558 1416 558 1454" /></Shape>
	    <String CONTENT="le tout pour le tout. &lt;...................................&gt;" HPOS="558.0" VPOS="1395.0" WIDTH="2111.0" HEIGHT="88.0" />
          </TextLine>
          <TextLine ID="eSc_line_7e46e959" TAGREFS="LT76" BASELINE="558 1556 2666 1538" HPOS="553.0" VPOS="1477.0" WIDTH="2110.0" HEIGHT="102.0">
            <Shape><Polygon POINTS="556 1553 556 1579 2663 1559 2663 1536 2654 1498 2423 1498 2247 1477 2162 1500 2110 1477 2019 1477 1952 1503 1887 1486 1758 1503 1641 1480 1621 1495 1595 1506 1024 1486 992 1509 872 1495 851 1515 693 1515 667 1492 667 1489 553 1489 556 1553" /></Shape>
	    <String CONTENT="Ils appellent à la rescousse le comte de Looz, s’allient à la" HPOS="553.0" VPOS="1477.0" WIDTH="2110.0" HEIGHT="102.0" WC="0.9868738182255479" />
          </TextLine>
          <TextLine ID="eSc_line_4dd689ed" TAGREFS="LT76" BASELINE="567 1641 1911 1626 2666 1632" HPOS="561.0" VPOS="1571.0" WIDTH="2102.0" HEIGHT="96.0">
            <Shape><Polygon POINTS="564 1638 564 1667 1536 1653 1811 1664 1861 1664 1864 1664 1875 1664 1934 1650 2657 1658 2663 1629 2660 1579 2054 1571 2051 1571 2048 1571 2016 1585 2013 1585 1984 1571 1981 1571 1978 1571 1975 1571 1934 1585 1922 1588 1905 1585 1840 1574 1837 1574 1835 1574 1832 1574 1814 1585 1808 1591 1674 1591 1671 1588 1638 1574 1635 1574 1633 1574 1630 1574 1627 1574 1603 1588 1600 1591 1240 1591 1237 1591 1170 1577 1167 1577 1088 1591 1024 1577 1021 1577 1018 1577 561 1597 564 1638" /></Shape>
	    <String CONTENT="chevalerie hesbignonne et, dans la nuit du 3 au 4 août" HPOS="561.0" VPOS="1571.0" WIDTH="2102.0" HEIGHT="96.0" />
          </TextLine>
          <TextLine ID="eSc_line_d3fb5f23" TAGREFS="LT76" BASELINE="564 1729 2583 1721 2669 1743" HPOS="558.0" VPOS="1664.0" WIDTH="2108.0" HEIGHT="100.0">
            <Shape><Polygon POINTS="561 1726 561 1764 804 1764 804 1761 810 1761 828 1746 924 1761 1536 1746 1583 1761 1606 1761 1826 1743 1919 1758 2025 1743 2660 1758 2666 1740 2663 1676 2645 1664 2633 1664 2598 1679 2247 1664 2209 1679 2209 1682 1896 1682 1884 1676 1837 1664 1829 1664 1799 1679 1770 1664 1758 1664 1758 1667 1741 1682 558 1670 561 1726" /></Shape>
	    <String CONTENT="1312 ils tentent brusquement de s’emparer de la cité. &lt;...&gt;" HPOS="558.0" VPOS="1664.0" WIDTH="2108.0" HEIGHT="100.0" />
          </TextLine>
          <TextLine ID="eSc_line_5969d0f7" TAGREFS="LT76" BASELINE="564 1822 1925 1802 2660 1814" HPOS="558.0" VPOS="1758.0" WIDTH="2099.0" HEIGHT="94.0">
            <Shape><Polygon POINTS="561 1819 561 1852 1480 1852 1480 1849 1521 1846 1694 1831 1788 1846 1799 1846 1802 1846 1805 1846 1808 1846 1832 1828 2013 1828 2651 1840 2657 1811 2654 1761 921 1758 918 1758 558 1775 561 1819" /></Shape>
	    <String CONTENT="lutte sans merci s’engage dans les rues au milieu des ténè¬" HPOS="558.0" VPOS="1758.0" WIDTH="2099.0" HEIGHT="94.0" />
          </TextLine>
          <TextLine ID="eSc_line_5efdd3ba" TAGREFS="LT76" BASELINE="556 1919 2654 1893" HPOS="550.0" VPOS="1834.0" WIDTH="2101.0" HEIGHT="120.0">
            <Shape><Polygon POINTS="553 1916 553 1942 860 1933 933 1954 1079 1931 1243 1951 1243 1948 1261 1931 1352 1928 1390 1945 1398 1945 1439 1931 1723 1945 1732 1936 1755 1922 2118 1939 2282 1916 2648 1928 2651 1890 2645 1849 2519 1834 2511 1834 2490 1852 2285 1840 2089 1857 1998 1840 1972 1860 1875 1860 1849 1843 1712 1843 1650 1860 1638 1866 1287 1866 1240 1852 1229 1852 1208 1869 1097 1852 989 1872 962 1872 769 1854 550 1875 553 1916" /></Shape>
	    <String CONTENT="bres. Peu à peu, les gens de lignage, débordés par la masse des" HPOS="550.0" VPOS="1834.0" WIDTH="2101.0" HEIGHT="120.0" />
          </TextLine>
          <TextLine ID="eSc_line_a6da8e64" TAGREFS="LT76" BASELINE="564 2010 2674 1980" HPOS="558.0" VPOS="1939.0" WIDTH="2114.0" HEIGHT="103.0">
            <Shape><Polygon POINTS="561 2007 561 2042 2672 2004 2672 1977 2666 1939 1404 1939 1401 1939 1188 1957 632 1951 629 1951 558 1966 561 2007" /></Shape>
	    <String CONTENT="artisans sont réduits à la défensive, battent lentement" HPOS="558.0" VPOS="1939.0" WIDTH="2114.0" HEIGHT="103.0" />
          </TextLine>
          <TextLine ID="eSc_line_b97c131e" TAGREFS="LT76" BASELINE="564 2100 2663 2077" HPOS="558.0" VPOS="2030.0" WIDTH="2102.0" HEIGHT="97.0">
            <Shape><Polygon POINTS="561 2097 561 2127 2657 2100 2660 2074 2651 2030 558 2048 561 2097" /></Shape>
	    <String CONTENT="en retraite vers la ville haute et s’y barricadent dans l’églisé" HPOS="558.0" VPOS="2030.0" WIDTH="2102.0" HEIGHT="97.0" WC="0.9981420366093516" />
          </TextLine>
          <TextLine ID="eSc_line_e290b8ca" TAGREFS="LT76" BASELINE="570 2194 1413 2173 2648 2168" HPOS="564.0" VPOS="2109.0" WIDTH="2081.0" HEIGHT="105.0">
            <Shape><Polygon POINTS="567 2191 567 2214 2645 2191 2645 2165 2639 2124 2180 2109 2177 2109 2174 2109 2171 2109 2171 2112 2154 2127 2022 2112 2019 2112 2016 2112 1969 2127 1583 2118 1580 2118 1439 2132 1384 2118 1381 2118 1378 2118 1194 2135 1106 2124 1103 2124 1100 2124 1097 2124 1097 2127 1082 2138 687 2127 684 2127 564 2144 567 2191" /></Shape>
	    <String CONTENT="de Saint-Martin. La sainteté de cet asile ne pouvait pas les" HPOS="564.0" VPOS="2109.0" WIDTH="2081.0" HEIGHT="105.0" />
          </TextLine>
          <TextLine ID="eSc_line_00a1df45" TAGREFS="LT76" BASELINE="576 2288 2654 2249" HPOS="570.0" VPOS="2194.0" WIDTH="2081.0" HEIGHT="129.0">
            <Shape><Polygon POINTS="573 2285 573 2323 907 2302 997 2314 1044 2317 1065 2299 1112 2311 1138 2314 1237 2296 1662 2305 1679 2288 2013 2282 2613 2288 2651 2270 2651 2247 2645 2211 2566 2194 2335 2214 2247 2200 2151 2220 1835 2223 1796 2209 1788 2209 1744 2223 1697 2209 1688 2209 1644 2226 1633 2226 1527 2211 1349 2232 1273 2217 1205 2235 927 2223 883 2241 728 2226 570 2241 573 2285" /></Shape>
	    <String CONTENT="protéger. &lt;....................&gt; L'acharnement du combat" HPOS="570.0" VPOS="2194.0" WIDTH="2081.0" HEIGHT="129.0" />
          </TextLine>
          <TextLine ID="eSc_line_b5c269e7" TAGREFS="LT76" BASELINE="1080 2371 2613 2340" HPOS="1080" VPOS="2288" WIDTH="1530" HEIGHT="108">
            <Shape><Polygon POINTS="1089 2369 1111 2380 1141 2378 1199 2384 1390 2396 1735 2375 1764 2375 1864 2390 2098 2369 2347 2381 2513 2364 2575 2378 2610 2361 2610 2337 2601 2296 2332 2302 2262 2288 2180 2308 1802 2311 1697 2296 1349 2320 1293 2320 1205 2309 1144 2304 1129 2309 1113 2309 1097 2313 1080 2339" /></Shape>
	    <String CONTENT="Le feu est mis à l’édifice, dont les ruines" HPOS="1080" VPOS="2288" WIDTH="1530" HEIGHT="108" />
          </TextLine>
          <TextLine ID="eSc_line_b89cf0a4" TAGREFS="LT76" BASELINE="570 2466 1618 2434 2285 2434" HPOS="564.0" VPOS="2387.0" WIDTH="1718.0" HEIGHT="111.0">
            <Shape><Polygon POINTS="567 2463 567 2498 731 2478 822 2495 828 2495 831 2495 842 2495 1024 2472 1214 2484 1217 2484 1220 2484 1261 2469 1284 2484 1287 2484 1290 2484 1293 2484 1305 2484 1396 2463 1428 2478 1434 2481 1436 2481 1439 2481 1472 2478 1638 2457 1852 2457 1873 2466 1884 2472 1887 2472 1890 2472 2279 2454 2282 2431 2276 2387 564 2413 567 2463" /></Shape>
	    <String CONTENT="fumantes s’écroulent bientôt sur les vaincus." HPOS="564.0" VPOS="2387.0" WIDTH="1718.0" HEIGHT="111.0" />
          </TextLine>
          <TextLine ID="eSc_line_e018aba7" TAGREFS="LT76" BASELINE="614 2554 2616 2513" HPOS="608.0" VPOS="2463.0" WIDTH="2005.0" HEIGHT="129.0">
            <Shape><Polygon POINTS="611 2551 611 2571 749 2592 752 2592 755 2592 834 2571 1156 2580 1158 2580 1243 2563 1246 2563 1252 2563 1316 2580 1319 2580 1322 2580 1513 2560 1606 2574 1609 2574 1612 2574 1644 2557 1650 2554 1682 2557 1835 2568 1837 2568 1840 2568 1890 2551 1905 2545 2101 2545 2107 2548 2124 2563 2127 2563 2130 2563 2133 2563 2282 2545 2353 2539 2610 2539 2613 2510 2604 2463 608 2507 611 2551" /></Shape>
	    <String CONTENT="Ce fut au tour des « petits », tout puissants après un tel" HPOS="608.0" VPOS="2463.0" WIDTH="2005.0" HEIGHT="129.0" />
          </TextLine>
          <TextLine ID="eSc_line_ace00c0f" TAGREFS="LT76" BASELINE="576 2644 1653 2630 2092 2609 2660 2615" HPOS="570.0" VPOS="2563.0" WIDTH="2087.0" HEIGHT="114.0">
            <Shape><Polygon POINTS="573 2642 573 2677 734 2659 760 2677 784 2677 880 2659 1003 2674 1036 2674 1036 2671 1056 2653 1243 2668 1270 2650 1881 2662 1952 2642 1990 2653 2171 2639 2200 2656 2215 2656 2426 2636 2475 2653 2487 2653 2584 2636 2654 2650 2657 2612 2654 2571 1954 2563 1911 2580 1811 2565 1788 2580 1615 2568 1472 2586 1378 2571 1205 2589 1021 2574 995 2592 643 2580 570 2598 573 2642" /></Shape>
	    <String CONTENT="triomphe, de rendre à leurs ennemis intransigeance pour" HPOS="570.0" VPOS="2563.0" WIDTH="2087.0" HEIGHT="114.0" WC="0.9903757572174072" />
          </TextLine>
          <TextLine ID="eSc_line_1a06b32e" TAGREFS="LT76" BASELINE="564 2729 2636 2700" HPOS="558.0" VPOS="2642.0" WIDTH="2075.0" HEIGHT="114.0">
            <Shape><Polygon POINTS="561 2726 561 2756 2631 2735 2633 2697 2628 2659 2408 2642 2405 2642 2262 2662 2244 2662 2230 2662 2139 2647 2136 2647 2133 2647 2095 2662 2086 2665 2069 2662 1993 2647 1990 2647 1987 2647 1984 2647 1966 2662 1957 2668 1914 2665 1785 2650 1782 2650 1779 2650 1747 2665 1732 2671 1715 2665 1674 2653 1671 2653 1668 2653 1603 2665 1562 2674 1518 2668 1448 2656 1445 2656 1442 2656 1401 2668 1378 2674 1343 2668 1278 2659 1276 2659 1179 2671 1091 2680 558 2677 561 2726" /></Shape>
	    <String CONTENT="intransigeance. La paix d’Angleur, scellée le 14 février" HPOS="558.0" VPOS="2642.0" WIDTH="2075.0" HEIGHT="114.0" />
          </TextLine>
          <TextLine ID="eSc_line_ae8a654c" TAGREFS="LT76" BASELINE="570 2840 1343 2817 2636 2802" HPOS="564.0" VPOS="2747.0" WIDTH="2069.0" HEIGHT="129.0">
            <Shape><Polygon POINTS="1033 2788 798 2788 796 2782 564 2785 567 2858 690 2858 740 2876 752 2876 752 2873 772 2855 880 2867 1044 2852 1103 2870 1325 2843 1390 2864 1533 2846 1641 2861 1735 2846 1799 2858 1861 2838 1931 2855 2051 2832 2309 2843 2633 2820 2631 2761 2604 2747 2534 2761 2388 2750 2197 2767 2159 2767 2034 2756 1993 2770 1855 2759 1817 2773 1644 2761 1457 2779 1390 2767 1036 2773 1033 2788" /></Shape>
	    <String CONTENT="1313, &lt;......&gt; le pouvoir politique du patriciat. Désormais," HPOS="564.0" VPOS="2747.0" WIDTH="2069.0" HEIGHT="129.0" />
          </TextLine>
          <TextLine ID="eSc_line_929f341a" TAGREFS="LT77" BASELINE="796 2788 1051 2788" HPOS="793.0" VPOS="2738.0" WIDTH="257.0" HEIGHT="79.0">
            <Shape><Polygon POINTS="793 2785 793 2811 1047 2817 1050 2785 1047 2738 793 2744 793 2785" /></Shape>
	    <String CONTENT="anéantit" HPOS="793.0" VPOS="2738.0" WIDTH="257.0" HEIGHT="79.0" />
          </TextLine>
          <TextLine ID="eSc_line_1d74c786" TAGREFS="LT76" BASELINE="579 2940 1428 2908 2639 2908" HPOS="573.0" VPOS="2849.0" WIDTH="2063.0" HEIGHT="123.0">
            <Shape><Polygon POINTS="576 2937 576 2972 676 2955 810 2972 895 2949 1012 2960 1144 2943 1281 2966 1314 2940 1472 2952 1513 2937 1726 2937 1858 2958 1969 2934 2066 2955 2335 2934 2452 2952 2499 2928 2636 2922 2636 2905 2631 2858 2297 2867 2274 2849 2265 2849 2165 2867 1978 2852 1706 2873 1653 2858 1518 2873 1273 2861 1120 2879 1103 2879 1059 2864 1050 2864 1006 2879 992 2887 573 2887 576 2937" /></Shape>
	    <String CONTENT="pour pouvoir siéger dans le magistrat, il fallut apparte¬" HPOS="573.0" VPOS="2849.0" WIDTH="2063.0" HEIGHT="123.0" />
          </TextLine>
          <TextLine ID="eSc_line_b08a1008" TAGREFS="LT76" BASELINE="567 3034 1434 3001 2636 2993" HPOS="561.0" VPOS="2934.0" WIDTH="2072.0" HEIGHT="126.0">
            <Shape><Polygon POINTS="564 3031 564 3060 1147 3037 1167 3048 1170 3048 1173 3048 1176 3048 1179 3048 1235 3031 2633 3022 2633 2990 2628 2949 2475 2934 2473 2934 2399 2952 2391 2952 2388 2952 2355 2937 2353 2937 2350 2937 2347 2937 2317 2952 2314 2952 2285 2952 1954 2943 1952 2943 1949 2943 1914 2958 1911 2958 1878 2958 1565 2949 1562 2949 1559 2949 1507 2963 1504 2963 1498 2963 1457 2952 1454 2952 1451 2952 1191 2966 1056 2978 561 2978 564 3031" /></Shape>
	    <String CONTENT="nir à un métier. La constitution urbaine, jadis oligar¬" HPOS="561.0" VPOS="2934.0" WIDTH="2072.0" HEIGHT="126.0" />
          </TextLine>
          <TextLine ID="eSc_line_14346983" TAGREFS="LT76" BASELINE="582 3124 1419 3098 2651 3101" HPOS="576.0" VPOS="3037.0" WIDTH="2072.0" HEIGHT="114.0">
            <Shape><Polygon POINTS="579 3121 579 3151 854 3136 927 3151 1094 3130 1194 3142 1302 3124 1416 3124 1457 3142 1472 3145 1635 3121 1811 3121 1861 3139 1881 3142 2074 3118 2645 3127 2648 3098 2645 3057 2338 3037 2329 3037 2297 3057 2133 3039 2124 3039 2098 3057 1946 3042 1919 3063 1770 3063 1653 3042 1624 3060 1407 3045 1331 3060 1173 3048 1153 3066 1082 3051 986 3066 921 3051 910 3051 889 3069 734 3057 576 3072 579 3121" /></Shape>
	    <String CONTENT="chique devenait ainsi purement populaire. A l’exclu¬" HPOS="576.0" VPOS="3037.0" WIDTH="2072.0" HEIGHT="114.0" />
          </TextLine>
          <TextLine ID="eSc_line_00bb00c7" TAGREFS="LT76" BASELINE="579 3218 1372 3192 2636 3180" HPOS="573.0" VPOS="3124.0" WIDTH="2060.0" HEIGHT="117.0">
            <Shape><Polygon POINTS="576 3215 576 3241 2631 3206 2633 3177 2625 3124 573 3165 576 3215" /></Shape>
	    <String CONTENT="sivisme des lignages se substituait l’exclusivisme des" HPOS="573.0" VPOS="3124.0" WIDTH="2060.0" HEIGHT="117.0" />
          </TextLine>
          <TextLine ID="eSc_line_01f57b98" TAGREFS="LT76" BASELINE="576 3309 898 3303" HPOS="570.0" VPOS="3253.0" WIDTH="325.0" HEIGHT="91.0">
            <Shape><Polygon POINTS="573 3306 573 3344 892 3323 895 3300 889 3262 570 3253 573 3306" /></Shape>
	    <String CONTENT="métiers." HPOS="570.0" VPOS="3253.0" WIDTH="325.0" HEIGHT="91.0" />
          </TextLine>
          <TextLine ID="eSc_line_b2735abb" TAGREFS="LT76" BASELINE="629 3405 1463 3382 2669 3385" HPOS="623.0" VPOS="3317.0" WIDTH="2043.0" HEIGHT="112.0">
            <Shape><Polygon POINTS="626 3402 626 3429 2663 3408 2666 3382 2660 3326 2554 3335 2396 3317 2317 3341 2110 3341 2063 3317 1943 3317 1814 3341 1782 3320 1770 3320 1712 3344 1694 3329 1615 3341 1475 3320 1396 3347 1334 3332 1012 3350 959 3326 936 3326 810 3350 623 3329 626 3402" /></Shape>
	    <String CONTENT="Il ne fallait point s’attendre à voir le calme sortir d'une" HPOS="623.0" VPOS="3317.0" WIDTH="2043.0" HEIGHT="112.0" />
          </TextLine>
        </TextBlock>
        <TextBlock HPOS="2429.0" VPOS="26.0" WIDTH="180.0" HEIGHT="79.0" ID="eSc_textblock_8aecb3da" TAGREFS="BT134">
          <Shape><Polygon POINTS="2429 26 2429 105 2609 105 2609 26" /></Shape>
          <TextLine ID="eSc_line_16a2db88" TAGREFS="LT76" BASELINE="2441 64 2573 55" HPOS="2434.0" VPOS="14.0" WIDTH="138.0" HEIGHT="91.0">
            <Shape><Polygon POINTS="2440 61 2440 105 2572 93 2572 52 2563 14 2434 20 2440 61" /></Shape>
	    <String CONTENT="133" HPOS="2434.0" VPOS="14.0" WIDTH="138.0" HEIGHT="91.0" />
          </TextLine>
        </TextBlock>
      </PrintSpace>
    </Page>
  </Layout>
</alto>