2713 3489
2599 20 82 107 35

581 23 2053 116 prétendent intervenir dans le choix du nouveau

587 119 2073 99 prince. Elles dictent leurs conditions à Guillaume de

569 203 2085 105 Normandie <..... ............>, sans s’inquiétér

581 287 2091 99 des ordres du roi de France; elles se soulèvent contre lui

575 383 2103 99 dès qu’il manque aux promesses qu’il leur a faites, et c'est

575 465 2094 96 elles qui installent sur le trône une nouvelle dynastie

572 552 1533 105 en la personne de Thierry d’Alsace (1128).

628 633 2053 122 <..........................>

567 718 2108 122 <...........................>

581 811 2126 122 <................>

587 886 2123 154 <.................>

590 976 2088 160 <..........................>

578 1072 2094 140 <....................................>

584 1165 1724 155 <....................................>

1419 1308 235 166 II

604 1413 2024 162 Qu’elles aient vécu en bonne intelligence avec leurs

1689 1503 363 78 les combattre

581 1520 2094 148 princes et qu'elle aient dû <................>

567 1584 2096 163 <...........> les villes, un peu plus tôt ou un peu plus

569 1671 2112 154 tard, à la fin du XI^e siècle ou au commencement du XII, sont

569 1773 2100 131 arrivées partout à leur bout. Elles constituent désormais

726 1881 599 75 personnes collectives

581 1843 2105 166 des <.................> Leur population n'est plus un

572 1921 2120 181 simple groupement d'hommes <...............> recon¬

555 2017 2137 143 naissable à ses caractères sociaux; Elle jouit d'un droit

575 2102 2103 157 propre: elle est devenue une classe juridique. Comme la

558 2203 2114 146 <.........................>

578 2270 2094 163 <..........> noblesse, la bourgeosie obtient

567 2349 2122 168 la reconnaissance légale. Pour celle-là la profession des as¬

558 2445 2123 151 mes, pour celle-ci la profession du commerce et de l'indus¬

578 2526 2073 140 trie ont eu à la longue pour résultat la possesion offi¬

569 2613 2071 149 ciellement reconnue d'une situation privilégiée. Il im¬

567 2695 2119 157 porte d'analyser celle-ci et d'en reconnaître le caractère

578 2782 2100 166 spéciaux [ Ces caracteres, faut-il le dire, ne sont point propres

578 2881 2068 142 aux Pays-Bas. La formation des villes, dans ses traits

564 2980 2090 133 essentiels, a été la même dans les diverses parties de

567 3079 2087 127 l'Europe. Elle ne constitue en rien un phénomène

561 3172 2108 116 national. Les <.........> économiques dont elle

1180 3160 413 64 transformations

575 3262 2082 122 est la conséquence se sont déroulées parout avec des

157 1296 186 163 II

264 2759 239 136 à la ligne
