2713 3526
2483.0 11.0 115.0 106.0 77

643.0 120.0 1981.0 97.0 Cette législation, dont il subsiste encore de

537.0 176.0 2131.0 147.0 nos jours quelques débris dans les règlements

561.0 276.0 2110.0 135.0 de police sur les marchés municipaux, s'ins¬

570.0 364.0 2107.0 150.0 pire exclusivement de l’intérêt de la bour¬

2116 443 589 113 aux gens de la

567 481 2065 138 bourgeoisie. Son but est d’assurer <..............>

555.0 567.0 2078.0 138.0 ville des subsistances abondantes et à bas

549.0 667.0 2090.0 143.0 prix. On a reconnu bien vite que les intermé¬

552.0 775.0 2093.0 135.0 diaires par les mains de qui passent les denrées

564.0 872.0 2066.0 127.0 pour aller du producteur au consommateur

573.0 969.0 2063.0 129.0 produisent nécessairement le renchérisse¬

1437.0 1022.0 658.0 100.0 Dès lors, il faut

567.0 1054.0 2093.0 138.0 ment de celles-ci. <...........................>

573.0 1143.0 2090.0 149.0 <..> mettre directement en présence le vendeur

573.0 1254.0 2087.0 132.0 campagnard et l’acheteur urbain et <..> em¬

555.0 1316.0 2102.0 182.0 pêcher l’accaparement des vivres par un groupe

564.0 1410.0 2078.0 179.0 de spéculateurs. Il suffit de parcourir les règle¬

558.0 1519.0 2125.0 144.0 ments communaux sur les ''vendia'' pour <...>

555.0 1616.0 2084.0 152.0 <.......> comprendre que tel est bien l’esprit

567.0 1692.0 2107.0 185.0 qui les anime. La lettre des vénaux de Liège, en 1317,

552.0 1807.0 2111.0 164.0 interdit aux « recoupeurs » d’acheter dans un

561.0 1895.0 2134.0 161.0 rayon de deux lieues autour de la ville « volail¬

570.0 1986.0 2090.0 158.0 les, fromages ou venaison ». Toutes ces denrées

570.0 2106.0 2098.0 135.0 doivent être apportées au marché, et ce n’est que

567.0 2194.0 2096.0 153.0 quand les bourgeois s’en seront approvisionnés que

564.0 2280.0 2119.0 179.0 les marchands pourront acquérir en gros le sur¬

1378.0 2388.0 482.0 77.0 Défense est

567.0 2391.0 2084.0 156.0 plus non vendu. <..........> faite aux bouchers

567.0 2474.0 2107.0 149.0 de conserver de la viande en cave, aux boulan¬

576.0 2591.0 2084.0 156.0 gers de se procurer plus de grains qu’il ne leur est né¬

570.0 2679.0 2101.0 174.0 cessaire pour leur propre cuisage ». Les précautions

555.0 2785.0 2128.0 165.0 les plus minutieuses sont prises pour empêcher toute

555.0 2870.0 2140.0 179.0 augmentation artificielle du prix des aliments. Non

558.0 2958.0 2093.0 168.0 seulement un maximum est établi, mais il

558.0 3047.0 2134.0 179.0 est encore sévèrement interdit de vendre <.....>

564.0 3144.0 2140.0 176.0 <............> en dehors du marché, c’est-à-dire autrement

567.0 3229.0 2113.0 182.0 qu’en public et sous la surveillance des bourgeois et des

555.0 3329.0 2110.0 182.0 fonctionnaires de la commune. On va si loin dans
