2713 3513
2496.0 2.0 114.0 135.0 185

533.0 73.0 2103.0 114.0 <........> Pour contrebalancer tant de circonstances

521.0 181.0 2124.0 123.0 défavorables à leur cause, il eût fallu que les villes fussent

958.0 257.0 562.0 73.0 s'entraider

524.0 292.0 2133.0 88.0 capables de <.......................>. Mais c’est à quoi

512.0 386.0 2151.0 108.0 s'opposait précisément leur politique particulariste. Elles ne

503.0 477.0 2163.0 108.0 surent ni s’entendre ni combiner leurs efforts. <.....> Jalouses

509.0 570.0 2098.0 97.0 les unes des autres, elles s’abandonnent mutuellement à

512.0 670.0 2139.0 88.0 l'heure du péril. En 1437, Bruges, en lutte avec Philippe le Bon

2001.0 731.0 562.0 76.0 Les Gantois connurent

509.0 749.0 2121.0 108.0 <...> voit la Flandre se détourner d’elle. <...........> le

512.0 834.0 2127.0 108.0 même sort en 1452. Sauf Ninove, toutes les villes de leur

518.0 925.0 2151.0 114.0 châtellenie les laissèrent seuls au moment décisif. Malgré leurs

521.0 1021.0 2148.0 114.0 supplications, les autres « membres » du comté se bornèrent

515.0 1124.0 2127.0 114.0 à leur offrir leurs bons offices pour les réconcilier avec

515.0 1214.0 273.0 103.0 le duc.

515.0 1311.0 2145.0 179.0 Il ne faut donc point s’étonner si le conflit de l’État avec

524.0 1434.0 2133.0 140.0 les villes se dénoua presque partout d’une manière pa¬

527.0 1522.0 2101.0 152.0 cifique sous le règne de Philippe le Bon. La partie était trop

515.0 1630.0 2148.0 117.0 inégale pour pousser les grandes communes aux suprêmes

521.0 1721.0 2145.0 137.0 résolutions. Liège, il est vrai, combattit le duc avec un

524.0 1838.0 2150.0 123.0 acharnement incroyable et paya, comme on le sait, de sa

2214.0 1920.0 106.0 58.0 son

521.0 1917.0 2133.0 155.0 destruction complète sous Charles le Téméraire, <..> obstination

518.0 2028.0 2159.0 158.0 héroïque à lui résister. Mais Liège n’était pas une ville bour¬

530.0 2151.0 2127.0 129.0 guignonne. <...............> Elle ne luttait pas seulement

533.0 2242.0 2133.0 143.0 pour ses franchises mais pour l’indépendance séculaire

533.0 2339.0 2127.0 158.0 de la principauté ecclésiastique dont elle était la capitale

524.0 2450.0 2147.0 158.0 et qui soutint ses efforts. Plus encore que l’ennemie des pri¬

533.0 2549.0 2136.0 164.0 vilèges urbains elle vit dans la maison de Bourgogne la con¬

542.0 2664.0 2132.0 122.0 quérante et l’étrangère. <...............................>

536.0 2760.0 2115.0 149.0 <......> Et il ne faut pas oublier surtout que l’intervention

539.0 2848.0 2118.0 170.0 du roi de France <..........................> explique à la fois

544.0 2942.0 2136.0 178.0 son audace et la rigueur avec laquelle elle fut traitée par

542.0 3044.0 2132.0 176.0 son vainqueur. <....> Nulle part, dans leurs propres domai¬

544.0 3147.0 2107.0 161.0 nes, les ducs n’agirent avec la cruauté qu’ils manifestè¬

550.0 3240.0 2113.0 164.0 rent envers elle. D’ailleurs ce n’est qu’en Flandre, c’est à

559.0 3328.0 2142.0 176.0 dire dans le pays où les villes jouissaient des privilèges les plus
