2713 3430
2470.0 14.0 140.0 91.0 233

511.0 77.0 2096.0 125.0 à Liège un régime qui devait durer jusqu’à la fin de

494.0 174.0 2078.0 114.0 l’Ancien Régime. <........................> La

2352.0 237.0 283.0 85.0 venait de

488.0 277.0 2167.0 97.0 France qui avait jusqu’alors soutenu la commune d'aban¬

494.0 360.0 2156.0 103.0 donner pour s’allier à l’évêque et dès lors la victoire de

506.0 454.0 2089.0 114.0 celui-ci était certaine. L’anarchie politique avait

500.0 548.0 2158.0 112.0 créé dans la cité une situation intolérable. Les métiers,

508.0 645.0 2162.0 129.0 qui n’avaient pu se maintenir que par la faiblesse

497.0 754.0 2175.0 112.0 du prince <.......> se trouvèrent impuissants devant

491.0 843.0 2161.0 114.0 lui dès que son <........> pouvoir reposa sur celui du roi

1343.0 911.0 395.0 66.0 à leur tour les

506.0 931.0 2146.0 152.0 de France. Ils perdirent <.....> prérogatives politiques qu’ils

500.0 1043.0 2152.0 134.0 avaient conservées durant si longtemps. La lutte s'a¬

497.0 1134.0 2118.0 129.0 cheva à Liège, comme ailleurs, par le triomphe de

508.0 1237.0 2027.0 132.0 l’État. <.........................> Il faut reconnaître

508.0 1343.0 2136.0 129.0 d’ailleurs que la constitution démocratique de Liège <..>

508.0 1437.0 2150.0 152.0 <..........>, avait fait son temps. Les trente-deux mé¬

503.0 1546.0 2075.0 120.0 tiers qui nommaient le conseil <...............>

497.0 1640.0 2158.0 132.0 <................> n’avaient point pu organiser dans

508.0 1732.0 2167.0 137.0 la ville un gouvernement stable. <.................>

508.0 1832.0 2130.0 123.0 Peu à peu, ils étaient tombés sous l’ascendant d’un

508.0 1935.0 2144.0 123.0 groupe de meneurs et d’intrigants. Ils s’étaient mon¬

503.0 2035.0 2155.0 140.0 trés incapables surtout de <.......................>

508.0 2135.0 2110.0 134.0 <..........> surmonter les difficultés que créaient à

503.0 2220.0 2121.0 158.0 la principauté les ambitions rivales de ses voisines la

503.0 2329.0 2155.0 149.0 France et l’Espagne. <...........................>

488.0 2446.0 2164.0 140.0 <...........> Comme il arrive habituellement des

508.0 2541.0 2153.0 191.0 régimes populaires, ils avaient tout sacrifié à la poli¬

497.0 2652.0 2173.0 157.0 tique intérieure; ils n’avaient pas compris que leurs pas¬

494.0 2749.0 2173.0 146.0 sions et leurs intérêts laissaient le roi de France fort in¬

517.0 2849.0 2150.0 163.0 différent, <.....................................>

500.0 2964.0 2112.0 131.0 <.........................> et qu’il ne s'y

488.0 3066.0 2179.0 123.0 mêlait que pour entretenir son influence sur la frontière

511.0 3161.0 2156.0 134.0 des Pays-Bas. Le refus des plénipotentiaires du congrès de

497 3267 2216 159 Nimègue de recevoir leurs négociateurs ne leur dessilla
