2713 3508
2525.0 14.0 126.0 97.0 161

505.0 70.0 2108.0 111.0 permettrait à la population urbaine de vendre le plus

491.0 166.0 2189.0 111.0 possible aux étrangers tout en réduisant au minimum

488.0 271.0 1064.0 109.0 les achats qu’elle leur fait.

567.0 353.0 2046.0 117.0 C’est surtout en matière d’organisation du travail

494.0 461.0 2157.0 106.0 que se décèlent le plus nettement les tendances protec¬

491.0 546.0 2163.0 105.0 tionnistes du nouveau régime. Dès qu’il a fait passer

488.0 640.0 2172.0 102.0 aux mains des artisans eux-mêmes, la police des mé¬

499.0 730.0 2129.0 94.0 tier, ceux-ci s’empressent d’exploiter la situation au pro¬

491.0 830.0 2157.0 90.0 fit exclusif de leurs membres. Si l’échevinage ne parvenait

485.0 920.0 2157.0 91.0 à leur imposer quelque modération et si, par la force même

479.0 1017.0 2175.0 82.0 des choses, l’intérêt des consommateur ne s’opposait à l’inté¬

485.0 1096.0 2172.0 111.0 rêt du producteur, ils ne tarderaient pas à faire de leur

488.0 1195.0 2160.0 108.0 monopole une véritable exploitation du public. <.......>

502.0 1295.0 2117.0 105.0 <...............> Le bien commun de la ville n’est plus

496.0 1385.0 2170.0 114.0 et ne peut plus être le mobile de leur conduite. Chaque corpora¬

502.0 1511.0 2155.0 82.0 tion professionnelle se considère comme un corps indépendant,

496.0 1599.0 2140.0 96.0 <...................> propriétaire privilégié d’une branche

508.0 1689.0 2161.0 117.0 d’industrie et <...........................................>

514.0 1803.0 2158.0 105.0 <.........................> C’est vraiment en proprié¬

511.0 1894.0 2114.0 105.0 taire qu’elle agit. <...........................................>

502.0 1982.0 2178.0 122.0 <........................> Comme un propriétaire, en effet,

502.0 2084.0 2181.0 126.0 elle considère le métier comme un bien de famille passant

499.0 2183.0 2181.0 129.0 naturellement du père au fils. Elle réduit, en faveur des fils

505.0 2288.0 2175.0 129.0 des « maîtres », le temps de l’apprentissage tandis qu'elle rend

499.0 2388.0 2158.0 131.0 celui-ci de plus en plus long et de plus en plus coûteux pour

496.0 2490.0 2167.0 120.0 les nouveaux-venus. Pareillement, elle ne s’ouvre qu’avec

491.0 2607.0 2134.0 123.0 peine au « compagnon » venu du dehors. Elle exige de lui,

494.0 2698.0 2186.0 134.0 avant de l’admettre à l’exercice de la profession, un certifi¬

514.0 2797.0 2172.0 135.0 cat en règle de bonne conduite, vie et mœurs et l’attesta¬

499.0 2894.0 2190.0 125.0 tion qu’il a satisfait dans une bonne ville aux règlements

502.0 2999.0 2190.0 128.0 sur l’apprentissage. Encore ne l’accepte-t-elle que <........>

505.0 3104.0 2143.0 117.0 <..................................................> si

502.0 3192.0 2181.0 143.0 ses propres membres jouissent dans cette ville d’une

502.0 3300.0 2193.0 146.0 entière réciprocité. Il arrive même qu’elle ne se montre
