2713 3552
2585.0 35.0 77.0 65.0 4

601.0 74.0 2043.0 115.0 ment développé. Quentovic à l’embouchure

627.0 177.0 2011.0 101.0 de la Canche, Tiel, Utrecht et Durstede sur le Rhin

633.0 287.0 2041.0 106.0 inférieur sont, dans le Nord, les ports les plus impor¬

648.0 390.0 2056.0 119.0 tants de la monarchie carolingienne. Valenciennes

639.0 503.0 2011.0 100.0 et Maestricht, situés aux endroits où la vieille

648.0 612.0 2023.0 95.0 chaussée romaine coupe le cours de la Meuse et

639.0 728.0 2032.0 91.0 celui de l’Escaut, deviennent des stationnements

627.0 837.0 2047.0 113.0 de barques et des lieux d’hivernage pour les mar¬

633.0 950.0 2035.0 103.0 chands. Enfin, l’abondance des ateliers monétaires

627.0 1056.0 2038.0 119.0 prouve que l’usage du numéraire, signe irré¬

616.0 1163.0 2064.0 115.0 cusable du développement économique, se fait une place

610.0 1278.0 2037.0 130.0 de plus en plus grande à côté de l’antique système

616.0 1400.0 2058.0 118.0 des échanges en nature. Malgré la rareté de nos

613.0 1521.0 2043.0 95.0 documents, nous pouvons apercevoir aussi dès le

583.0 1622.0 2050.0 121.0 ixe siècle, les symptômes d’une activité indus¬

580.0 1731.0 2058.0 110.0 trielle assez développée. Dans les prairies humides

595.0 1829.0 2064.0 115.0 de la côte, la draperie des Morins et des Ménapiens se

592.0 1947.0 2052.0 110.0 ranime et ses tissus, transportés au loin par les

2404.0 2015.0 234.0 74.0 propagent

592.0 2057.0 2082.0 109.0 barques de Quentovic, de Tiel et de Durstede <.....>

604.0 2163.0 1999.0 110.0 jusqu’aux Montagnes de Suisse la réputation

586.0 2264.0 2064.0 101.0 des "manteaux frisons". Le travail du métal com¬

577.0 2370.0 2038.0 104.0 mence à se développer dans la vallée de la Meuse,

580.0 2474.0 1368.0 121.0 à Huy et à Dinant. <.......>

627.0 2575.0 2008.0 127.0 C’étaient là les manifestations d’une activité

583.0 2687.0 2067.0 116.0 qui devait être bientôt interrompue. La situa¬

577.0 2791.0 2094.0 127.0 tion géographique des Pays-Bas, en même temps qu’elle

571.0 2912.0 2103.0 95.0 favorisait leur commerce, les exposait aussi aux at¬

562.0 3007.0 2109.0 103.0 taques du dehors. Nulle part, peut-être, les invasions

571.0 3110.0 2097.0 101.0 des Normands n’accumulèrent plus de ruines que dans

568.0 3205.0 2076.0 110.0 cette région si largement ouverte sur la mer par les

577.0 3297.0 2076.0 136.0 estuaires de ses fleuves. De 820 à 891, elle fut ravagée de
