2713 3486
2474.0 58.0 131.0 64.0 88

150 941 373 93 [Ce serai]t donc une

162 1028 358 84 [erreur q]ue de te¬

177.0 1249.0 343.0 84.0 [fait la] plupart du

177.0 1310.0 355.0 110.0 [temps] les théoriciens

180.0 1484.0 293.0 81.0 [ne. En r]éalité, le

168.0 1565.0 337.0 96.0 [specta]cle que pré¬

546.0 72.0 2117.0 90.0 ont tout de suite débordé, grâce au commerce au

543.0 171.0 2132.0 113.0 delà de leurs lieux d’origine, <..........> il en est deux

555.0 270.0 2067.0 107.0 qui se sont développées en Belgique avec une vi¬

564.0 366.0 2070.0 98.0 gueur exceptionnelle : celle du laiton, dans la vallée

549.0 461.0 2070.0 120.0 de la Meuse et particulièrement à Dinant, celle

546.0 569.0 2108.0 110.0 de la laine dans la plaine flamande. L’une et

564.0 682.0 2087.0 93.0 l’autre nous présentent dans leur organisation un

540.0 787.0 2091.0 96.0 spectacle identique et qui contraste aussi fortement

552.0 883.0 2076.0 110.0 qu’il est possible avec celui de l’industrie locale. <..>

543.0 996.0 2076.0 96.0 <..................................................>

555 1092 2102 122 <............................................................................>

162 1104 380 84 [nir com]pte que de

555 1188 2064 136 <..................................................................>

165 1182 378 80 [celle-ci] comme l'ont

561.0 1304.0 2079.0 125.0 <..............................................>

561 1394 2096 151 <....................................................................>

165 1385 375 111 [de l'écon]omie urbai¬

543.0 1504.0 2100.0 114.0 <.......................................................>

546.0 1603.0 1480.0 102.0 <.......................................>

162.0 1623.0 309.0 140.0 [sente] l'organis¬

482.0 1667.0 2111.0 137.0 ation des villes industrielles les plus avancées est moins

543.0 1743.0 2111.0 162.0 simple qu’on ne l’a cru. A côté de traits caractéristiques

549.0 1844.0 2085.0 140.0 au Moyen Age, il s’y rencontre des phénomènes presque moder¬

546.0 1931.0 2108.0 143.0 nes. C’est particulièrement dans les Pays-Bas, et plus spécia¬

555.0 2004.0 2018.0 139.0 lement en Belgique, qu’ils se détachent avec vigueur et

552.0 2091.0 2059.0 157.0 c’est à quoi peut-être l'étude des institutions de cette con¬

526.0 2184.0 2088.0 154.0 trée doit le meilleur de son intérêt et de sa valeur

532.0 2274.0 570.0 111.0 scientifique.¬

537.0 2370.0 2077.0 137.0 La différence des débouchés rend compte, tout d’abord

532.0 2460.0 2087.0 142.0 de la différence fondamentale par laquelle l'industrie

529.0 2544.0 2085.0 134.0 du laiton ou celle de la laine s’opposent à la petite in¬

529.0 2631.0 2093.0 140.0 dustrie. Au lieu de produire comme cette dernière pour

532.0 2713.0 2108.0 151.0 le marché local, elles produisent en grand et pour l’ex¬

540.0 2812.0 2056.0 119.0 portation. Le batteur de cuivre de Dinant, le tisserand, le

537.0 2890.0 2056.0 137.0 foulon, le teinturier de Gand, d’Ypres, de Bruges, de

532.0 2983.0 2122.0 131.0 Douai ou de Louvain ne ressemblent en rien au bou¬

532.0 3079.0 2096.0 133.0 langer, au forgeron ou au savetier. A la fois artisans

2509 3180 163 67 leurs

505.0 3178.0 2167.0 119.0 et marchands, ceux-ci vendent directement à <....>

526.0 3268.0 2123.0 113.0 clients <......> les produits de leur travail; ceux-là, au con¬

520.0 3349.0 2152.0 110.0 traire, sont réduits au rôle de simples ouvriers indus¬

130 3227 288 160 [I. 27]0. II 59.
