2713 3511
2437.0 17.0 161.0 97.0 132

594.0 43.0 1978.0 132.0 une riche famille de changeurs, Henri de Dinant,

602.0 149.0 2055.0 114.0 profita, semble-t-il, d’un conflit survenu entre l’é¬

614.0 245.0 2014.0 109.0 vêque et les bourgeoisies, pour organiser un soulève¬

602.0 339.0 2043.0 114.0 ment des métiers et leur faire une place dans le gouver¬

608.0 433.0 2046.0 108.0 nement de la « cité ». Ses efforts échouèrent. Mais, dès l’an¬

599.0 535.0 2061.0 105.0 née suivante, les ouvriers batteurs de Dinant prenaient

599.0 631.0 2040.0 85.0 les armes à leur tour, secouaient le pouvoir des échevins,

597.0 737.0 2016.0 79.0 revendiquaient le droit de s’administrer eux-mêmes, se

602.0 819.0 2011.0 93.0 donnaient une cloche, un sceau, bref se constituaient

594.0 915.0 2019.0 106.0 en corporation autonome. Une partie de la population,

588.0 1009.0 2069.0 96.0 sans doute possible les artisans, se prononça pour eux, une

602.0 1094.0 2049.0 111.0 autre, évidemment les « bonnes gens d’emmi la ville » c'est¬

599.0 1196.0 2058.0 129.0 à-dire les marchands, leur résista. Bref, il fallut que

594.0 1307.0 2069.0 94.0 l’évêque vint mettre le siège devant la ville pour

611.0 1401.0 2022.0 111.0 y rétablir la tranquillité. Les batteurs re¬

611.0 1512.0 2017.0 100.0 noncer à leurs conquêtes et le régime patricien fut

605.0 1609.0 2043.0 99.0 rétabli. Depuis lors, il ne cessa plus d’être en lutte à des

614.0 1714.0 2060.0 91.0 attaques continuelles. Durant toute la seconde moi¬

608.0 1811.0 2005.0 108.0 tié du XIIIe siècle, les villes de la principauté vivent

2268.0 1898.0 392.0 74.0 et à saint-Trond

611.0 1931.0 1996.0 105.0 dans un état permanent d’agitation. A Huy, les

602.0 2033.0 2049.0 102.0 tisserands s’attaquent à la gilde drapière, <.......>

623.0 2132.0 2028.0 106.0 <......> à Dinant, les batteurs s’efforcent de <........>

614.0 2226.0 2025.0 126.0 récupérer la situation qu’ils ont perdue, à Liège <.....>

617.0 2328.0 2005.0 115.0 <....> des troubles éclatent à toute occasion. Toutefois,

614.0 2428.0 2052.0 132.0 ces efforts décousus, entrepris sans entente préalable, pro¬

620.0 2527.0 2028.0 138.0 voqués par des causes accidentelles, n’aboutissent pas.

608.0 2644.0 2046.0 120.0 Mais quand, au commencement du XIVe siècle par¬

602.0 2738.0 2040.0 114.0 vient sur les bords de la Meuse la nouvelle des « matines

611.0 2832.0 2025.0 131.0 bourgeoises »(1), les artisans, exaltés par la victoire de leurs

620.0 2943.0 2005.0 111.0 frères de Flandre, se soulèvent partout d’un même

620.0 3039.0 2034.0 117.0 élan. Cette fois, le mouvement était trop formidable, l’e¬

620.0 3145.0 2052.0 123.0 xemple d’ailleurs des événements qui continuaient à se

611.0 3288.0 869.0 155.0 (1) Voy, ci-dessous la p III
