2713 3471
2507.0 17.0 119.0 72.0 53

237.0 659.0 95.0 228.0 (Ch.) III

191.0 914.0 66.0 121.0 I

547.0 80.0 2113.0 87.0 dent en frères. <.........> Du rebours de ce qui s'est passé

1276.0 130.0 301.0 81.0 c'est donc

564.0 147.0 2102.0 107.0 dans l’antiquité, par le gouvernement démocratique

553.0 237.0 2113.0 98.0 que débute l’histoire des populations urbaines du moyen

561.0 321.0 2105.0 121.0 âge. L'égalité <..........> sociale n’existe pas entre leurs mem¬

529.0 413.0 2137.0 110.0 bres, mais tous, au même titre et avec les mêmes droits

1728.0 462.0 863.0 84.0 et participent à son gouvernement.

538.0 506.0 2140.0 107.0 appartiennent a la commune <................>

555.0 592.0 2108.0 113.0 <............................................>

558.0 720.0 565.0 113.0 <............>¬

599.0 957.0 2021.0 119.0 Nous avons cherché, dans les pages présidentes à exposer,

532.0 1049.0 2131.0 113.0 dans ses trait généraux, la croissance des villes. De ces traits,

535.0 1148.0 2114.0 116.0 la plupart ne se rencontrent point seulement dans les

526.0 1232.0 2137.0 115.0 Pays-Bas. On les retrouve avec des modifications locales plus

1337.0 1310.0 162.0 81.0 pas

526.0 1345.0 2143.0 107.0 ou moins accusées <....> toute l’Europe Occidentale. Pour¬

524.0 1434.0 2136.0 113.0 tant c'est peut-être dans les bassins de la Meuse et de l'Es¬

526.0 1524.0 2131.0 118.0 caut qu'ils se dessinent avec la plus grande netteté. On

532.0 1616.0 2128.0 128.0 a vu, en effet, qu’à très peu d'exceptions près, toutes les villes de

2073.0 1671.0 605.0 73.0 <...............>

521.0 1715.0 2142.0 124.0 cette région sont filles du Moyen Âge <................>

509.0 1804.0 2148.0 131.0 et que ni leur emplacement ne leur configuration n'ont

509.0 1906.0 2143.0 115.0 été influencés <.....> parles survivances de l’empire Ro¬

506.0 2004.0 2169.0 121.0 main. Il faut ajouter surtout que l'activité commer¬

503.0 2094.0 2166.0 127.0 ciale et industrielle qui a été <........> le ferment des bour¬

509.0 2198.0 2117.0 127.0 geoisies s'est développée avec une vigueur particulière le

506.0 2287.0 2169.0 134.0 long des deux fleuves dont elles jalonnent le cours. Néan¬

503.0 2392.0 2154.0 107.0 moins, la vie urbaine y a été nécessairement détermi¬

503.0 2487.0 2137.0 116.0 née <.......> par une foule de circonstances politiques

515.0 2594.0 2137.0 101.0 et économiques. Suivant les contrées, elle présente des ca¬

506.0 2690.0 2160.0 104.0 ractères propres, une individualité clairement recon¬

500.0 2788.0 2152.0 107.0 naissable et il est faut jeter maintenant un coup

515.0 2883.0 2151.0 113.0 d'oeil, après avoir cherché à décrire les facteurs perma¬

486.0 2987.0 2160.0 90.0 nent et généraux de leur développement, sur les variétés

509.0 3083.0 2114.0 107.0 locales <.........................> par lesquelles ils se

503.0 3175.0 571.0 110.0 sont réalisés.

532.0 3262.0 2169.0 128.0 Ces variétés sont très nombreuses et, dans les Pays-Bas comme

1106.0 757.0 642.0 122.0 Chapitre III

1389.0 861.0 160.0 134.0 I
