2713 3473
573 69 2102 93 dans les constitutions urbaines. Ce sont les jurés et

555 150 2050 124 les deux « maîtres » qui forment désormais le conseil.

547 257 2134 110 Mais ce conseil ne parvient pas à attirer à lui la ju¬

544 364 2137 96 ridiction des échevins. Ceux-ci continuent de possé¬

544 445 2111 133 der, jusqu’à la fin du Moyen Age, la haute justice et la

547 555 2122 116 juridiction foncière. Bien plus même, ce n’est qu'au

555 648 2117 116 XIVe siècle qu’ils disparaîtront du conseil et cesseront

550 743 2110 116 d’intervenir dans l’administration urbaine. Le per¬

550 842 2122 110 ron(1) qui avait été primitivement le symbole de la

553 937 2096 107 juridiction épiscopale deviendra, à la même époque

555 1030 2120 118 par une évolution significative, l’emblème de l’au¬

535 1148 947 82 tonomie communale.

593 1230 2091 109 Les institutions municipales, dans le pays de Liège pré¬

544 1348 2125 96 sentent donc deux groupes distincts de magis¬

547 1423 2116 108 trats, de nature et d’âge différents. Les plus an<...>

2437 1412 203 66 ciens

538 1507 2119 125 les échevins, forment un tribunal seigneurial; les plus

547 1597 2122 130 récents, les jurés du conseil, sont les mandataires et les

561 1701 2111 122 représentants de la commune. Les uns jugent au nom

573 1794 2064 124 de l’évêque, les autres au nom de la bourgeoisie. Leur

550 1895 2119 119 compétence ne s’étend qu’aux règlements muni¬

547 1994 2122 127 cipaux et à la juridiction de police. La langue juridi¬

567 2098 2076 116 que liégeoise caractérise très exactement cette com¬

547 2202 2119 107 pétence comme « juridiction des statuts », tandis qu’elle

558 2295 2094 115 désigne celle des échevins par les mots : « juridiction

555 2384 2111 125 de la loi ». Sauf en temps de troubles ellles ne se sont jamais

547 2491 2110 102 réunies. Jusqu’au bout et en dépit de tentatives sur les¬

550 2581 2113 119 quelles nous aurons à revenir, les villes de la principauté

538 2694 2108 104 n’ont <.........> réussi à se débarrasser entièrement <...>

845 2653 148 79 pas

544 2789 1836 105 <...................> de l'autorité épiscopale.

579 2908 2067 84 C’est un spectacle bien différent que nous présentent

1427 2876 177 41 II

558 2978 2102 92 les villes du comté de Flandre. Ici, le développement mu¬

2527.0 52.0 99.0 63.0 61

75.0 2847.0 174.0 145.0 II

558.0 3111.0 2126.0 182.0 (1)  Le perron liégeois, sur lequel on a beaucoup discuté

564.0 3209.0 2093.0 159.0 n’a été, à l’origine, qu’une croix marquant dans

567.0 3336.0 1393.0 113.0 la cité l’immunité épiscopale.
