2713 3503
2572 26 73 76 34

607 75 2073 114 l’appui de la ville, modifier, à  la demande des "honestiores

589 145 2068 123 cives" le tarif du tonlieu (1). A Tournai, où le siège épisco¬

595 227 2065 134 pal, transporté à Noyon au début de l’époque franque, ne

592 306 2059 134 fut rétabli qu’en 1146, <...... ........ .......>

584 399 2085 111 <.........................................>

575 464 2082 134 <....> les sources ne mentionnent aucun conflit et

569 551 2082 111 tout permet de croire que les débuts de l’ihstitution urbaine

572 633 222 76 furent

592 680 184 105 <.....>

753 642 1083 111 aussi pacifiques qu’en Flandre.

1063 718 391 73 nulle  hostilité

624 718 2045 140 Ici, en effet, <.... ......> entre les comtés et les bourgeoisies.

557 791 2103 125 Non seulement, <...........>  le prince les laisse se développer

563 855 2091 140 à l’aise, mais déjà, dans la seconde moitié du XI^e siècle on

540 937 2105 157 le voit intervenir <....> en leur faveur. C’est qu’elles sont

557 1027 2065 155 <....> assez influentes pour qu’il soit utile de gagner

540 1120 2135 135 leur sympathie. <.. ... ... .. ....... ......>

563 1211 2100 146 <....> Robert le Frison (1071-1093), arrivé au pouvoir par

551 1293 2077 143 usurpation <..........>, a cherché visiblement à les

560 1354 2106 158 attirer à sa cause, et ses successeurs Robert de Jérusalem

566 1450 2068 167 (1098-1111) et Baudouin VII (1111-1119) ont continué, à

557 1538 2112 166 leur égard, la politique dont il leur a légué l'exem¬

572 1634 2100 164 ple. Pour la première fois, sous le règne de ces princes, des

560 1725 2097 154 concessions formelles établissent en droit la situation par¬

549 1804 2120 172 ticulière de la population urbaine. Elle reçoit des privilè¬

546 1900 2111 169 =ges en matière de tonlieu, en matière de service militaire

546 1999 2143 161 en matière de juridiction et de procédure <..........>

540 2087 2143 160 <.....................................>

549 2177 2123 155 <.................................>

543 2279 2120 135 <.....................................>

549 2349 2120 158 <.....................................>

546 2422 2070 164 <...............> Dès le début du XII^e siècle, toute la

549 2516 2085 149 Flandre, d’Arras à Bruges, est parsemée de villes actives et

1106 2630 167 61 placées

569 2606 2085 143 florissantes, <....> sous la protection du prince et recon¬

554 2688 2080 128 naissant ses bienfaits par une fidélité à toute épreuve.

549 2752 2102 152 En 1127, lors de l’assassinat de Charles le Bon elles se lèvent

537 2857 2108 123 toutes ensemble pour le venger, et le loyalisme qui leur

551 2936 2121 117 fait prendre les armes <.......> aussi leur première inter¬

1382 2927 329 72 provoque

560 3015 2120 117 vention dans la vie politique du comté. Elles

300 1042 213 131 dès lors

563 3178 2001 144 (1) <.....> Waitz, Urkunden Zur Deutschen Verfassungs¬

1127 3266 143 64 <....>

581 3269 917 140 geschichte, 1^e édit. (1871), p.24.
