2713 3466
2458.0 40.0 116.0 95.0 122

1028.0 193.0 855.0 191.0 CHAPITRE VI

546.0 375.0 1488.0 156.0 Le soulèvement du « commun ».

1323.0 519.0 216.0 168.0 I.

1941.0 586.0 266.0 104.0 <....>

612.0 638.0 1985.0 170.0 <......................................................>

517.0 727.0 2112.0 177.0 <.....................................................>

514.0 828.0 2126.0 171.0 <......................................................>

499.0 904.0 2127.0 193.0 <.......................................................>

525.0 1028.0 1497.0 141.0 <...........................>¬

826.0 1138.0 260.0 72.0 régime

554.0 1123.0 2020.0 139.0 Un <...................> de classe peut répondre durant

1086.0 1221.0 638.0 61.0 au vœu de l’opinion

528.0 1221.0 2086.0 139.0 très longtemps <...................> et rendre à la géné¬

528.0 1317.0 2089.0 138.0 ralité des services qui le font accepter par tout le monde.

525.0 1400.0 2112.0 148.0 Mais il arrive toujours un moment où <..............>

525.0 1504.0 2095.0 122.0 l’intérêt public se trouve en conflit avec l’instinct particu¬

531.0 1591.0 2083.0 113.0 lier du groupe dominant <............................................>

1542.0 1652.0 561.0 83.0 et où s’évanouit

543.0 1695.0 2083.0 118.0 <.....................................> l'harmonie qui a <....>

548.0 1773.0 2060.0 121.0 <.....>réglé les rapports entre <..............................>

548.0 1871.0 2089.0 127.0 la minorité gouvernante et la majorité gouvernée <....>

563.0 1972.0 2069.0 116.0 <........>. Plus celle-ci a laissé prendre d’ascendant à celle là,

551.0 2085.0 2055.0 98.0 plus elle éprouve à son égard de défiance, de rancune,

554.0 2172.0 2092.0 92.0 bientôt de haine. Elle ne la considère plus que comme un

551.0 2276.0 2089.0 112.0 oppresseur. Et quand il arrive par surcroît  que la situ¬

543.0 2394.0 2097.0 84.0 ation privilégiée des détenteurs du pouvoir ne repose

1132.0 2446.0 179.0 66.0 titre

1840.0 2449.0 456.0 69.0 résulte que du

543.0 2483.0 2086.0 107.0 sur aucun<........> légal et ne <...............> jeu des

1135.0 2547.0 234.0 69.0 elle est

554.0 2590.0 2078.0 96.0 circonstances, <........................................> irré¬

563.0 2691.0 2051.0 110.0 missiblement condamnée à disparaître de gré ou de

560.0 2798.0 211.0 96.0 force.

583.0 2894.0 2089.0 104.0 C’est ce que nous montre avec une netteté particulière

566.0 2989.0 2115.0 104.0 l’histoire du patriciat urbain. Dès la fin du XIIIe siècle, il

566.0 3096.0 2109.0 101.0 a manifestement achevé de jouer son rôle. Il a pourvu

557.0 3194.0 2098.0 101.0 les villes de tous les organes qui leur étaient indispen¬

583.0 3295.0 2086.0 110.0 sables. De nouvelles questions se posent désormais devant
