2713 3536
2488.0 41.0 124.0 124.0 165

598.0 61.0 1929.0 124.0 s’impose sans ménagement et dès qu’il a duré

589.0 167.0 2062.0 112.0 pendant quelque temps, il se transforme en coutume.

577.0 265.0 2088.0 112.0 La commune qui en jouit le décore du nom de « franchise »

575.0 365.0 2084.0 103.0 ou de « bon usage »; il devient sacré à ses yeux, et elle par¬

577.0 465.0 2094.0 91.0 vient souvent à obtenir sa consécration officielle. <....>

580.0 551.0 2068.0 91.0 <..>. Les grandes villes augmentent sans cesse le nombre

575.0 654.0 2064.0 88.0 et <.........> la portée de leurs privilèges. Elles s’écartent

572.0 730.0 2084.0 100.0 de plus en plus du droit commun. Elles agissent dans le

586.0 825.0 2079.0 109.0 <.....> domaine des intérêts généraux de la bourgeoi¬

583.0 922.0 2041.0 91.0 sie comme les métiers dans le domaine restreint de

575.0 1010.0 2061.0 106.0 leurs intérêts professionnels. Chacune d’elles tend à ac¬

592.0 1119.0 2038.0 100.0 quérir le plus grand nombre possible de monopoles. De là,

569.0 1211.0 2099.0 103.0 l’apparition de ces privilèges d’étape assurant à <.......>

577.0 1320.0 2059.0 94.0 <................................> tant de localités

575.0 1417.0 2084.0 88.0 le marché exclusif d’un genre de denrées ou même parfois

577.0 1508.0 2079.0 86.0 de tous<..> les biens <........> transportés dans une région dé¬

583.0 1600.0 2079.0 100.0 terminée. En Flandre, Bruges devient l’entrepôt de hautes

580.0 1703.0 2079.0 97.0 les marchandises entrant dans le Zwyn et l’étape géné¬

589.0 1797.0 2047.0 115.0 rale des laines. Gand se met en possession de l’étape

940.0 1859.0 410.0 94.0 Le Brabant

598.0 1909.0 2064.0 112.0 des grains. Malines reçoit celle du sel et du poisson. En

583.0 2003.0 2059.0 97.0 Hollande, Dordrecht obtient celle de tout le transit fluvial.

657.0 2103.0 2017.0 112.0 Il était inévitable que de tels avantages, favorisant une

583.0 2204.0 2088.0 97.0 ville au détriment de toutes les autres, <....> devinssent bien¬

981.0 2274.0 183.0 68.0 cause

580.0 2292.0 2062.0 109.0 tôt une <....> permanente de conflits. Pendant le régime

589.0 2398.0 2067.0 103.0 patricien, la classe dominante <.....>, également inté¬

580.0 2501.0 2071.0 83.0 ressée dans chaque ville au maintien de la circulation

601.0 2598.0 2029.0 104.0 générale et du commerce au long cours n’avait songé

583.0 2684.0 2035.0 127.0 nulle part à les confisquer à son profit. Des organisations

601.0 2784.0 2038.0 127.0 telles que la Hanse de Londres ou la Hanse des dix-sept

607.0 2887.0 2044.0 133.0 villes nous montrent, au contraire, qu’elle avait cher¬

604.0 2990.0 2032.0 106.0 ché dans la coopération inter-urbaine le moyen de

604.0 3088.0 2061.0 117.0 faire participer toutes les gildes locales aux avantages du

601.0 3182.0 2073.0 127.0 trafic. Maintenant, au contraire, l’esprit protectionniste

601.0 3282.0 2053.0 115.0 des métiers s’impose à la politique municipale <.......>

589.0 3370.0 2097.0 115.0 <............................................................>
