2713 3498
2488.0 37.0 111.0 67.0 89

586.0 67.0 2036.0 110.0 =triels. Ils ne se trouvent pas en contact avec le pu¬

592.0 171.0 2027.0 94.0 blic, ils n’ont de rapport qu’avec les marchands qui

595.0 265.0 2053.0 93.0 les emploient - marchands - batteurs à Dinant, mar¬

598.0 352.0 2056.0 82.0 chands drapiers en Flandre et en Brabant. Ce sont ces mar¬

595.0 443.0 1989.0 78.0 chands qui leur distribuent le métal ou la laine

603.0 521.0 2034.0 105.0 qu’ils mettent en œuvre <..>, c’est à eux que la matiè¬

589.0 606.0 2045.0 105.0 re première revient sous forme de chaudrons ou d’étoffes

600.0 699.0 2022.0 99.0 et c’est eux enfin qui vendent à la halle ou transportent

600.0 769.0 2040.0 125.0 à l’étranger ces produits d’un travail qu’ils se sont bornés

598.0 862.0 2056.0 126.0 à diriger. Entre le négociant et le fabricant existe donc

598.0 967.0 2044.0 114.0 ici une séparation très nette : Le premier est un capita¬

609.0 1063.0 2031.0 123.0 liste le second un salarié. Il importe peu que les batteurs

603.0 1163.0 2057.0 113.0 de cuivre, les tisserands, les foulons, les tondeurs, etc. soient,

606.0 1256.0 2013.0 99.0 comme les autres artisans, répartis en métiers. Si la

603.0 1355.0 2028.0 102.0 forme des groupements est la même de part et d’au¬

589.0 1440.0 2024.0 87.0 tre, elle ne doit point nous tromper sur la nature

592.0 1530.0 2036.0 105.0 même de ces groupements. Car dans les métiers de l'in¬

592.0 1620.0 2042.0 108.0 -dustrie locale, les outils, l'atelier la matière pre¬

2147.0 1679.0 277.0 75.0 comme la

592.0 1734.0 2027.0 108.0 mière appartiennent au travailleur, <..> produit

592.0 1830.0 2056.0 105.0 même qu’il écoule directement au consommateur.

600.0 1923.0 2025.0 94.0 Dans la batterie et la draperie, au contraire, le

603.0 2034.0 2016.0 85.0 capital et le travail se sont dissociés. L’ouvrier é¬

612.0 2125.0 2010.0 99.0 carté du marché ne connaît que l’entrepreneur¬

600.0 2212.0 2022.0 111.0 marchand qui le paie <......................> et qui

600.0 2314.0 2048.0 99.0 s’interpose entre lui et les acheteurs anonymes aux¬

615.0 2407.0 2027.0 117.0 quels vont les fruits de son labeur. <.....................>

612.0 2509.0 2013.0 97.0 <........................................>

600.0 2606.0 2034.0 102.0 <............................................> La vente di¬

615.0 2684.0 2004.0 117.0 recte en détail <...> détermine l’organisation économique

618.0 2783.0 2013.0 97.0 des autres artisans. <..> Les métiers de l’industrie d’expor¬

615.0 2862.0 2033.0 122.0 tation, au contraire, alimentent le commerce en gros

621.0 2967.0 2039.0 134.0 et c’est après avoir passé par une foule d’intermédiaires qu'à

615.0 3075.0 2022.0 116.0 des centaines de lieues de l’endroit de production, les chau¬

621.0 3159.0 2045.0 134.0 drons dinantais ou les tissus flamands passent enfin

641.0 3258.0 1955.0 140.0 dans les mains d’un acheteur qui ignorera toujours
