2713 3551
562.0 65.0 2115.0 115.0 premiers commencements de l'histoire muni¬

562.0 162.0 2094.0 119.0 cipale. Ils furent déterminés, on le voit , par les néces¬

1703.0 230.0 201.0 80.0 pourtant

562.0 257.0 2085.0 115.0 sités d'ordre militaire ^(1). <....> les châteaux du x

556.0 372.0 2085.0 110.0 siècle  n’en sont pas moins les ancêtres des villes

544.0 476.0 2136.0 109.0 futures. Non seulement ils <......... .............>

550.0 574.0 2139.0 109.0 <........ ..........> marquèrent l’emplacement qu’elles de¬

559.0 674.0 2121.0 119.0 vaient occuper, mais l’organisation particulière

583.0 793.0 2061.0 112.0 qui se développa dans l’enceinte de leurs mu¬

550.0 899.0 2130.0 118.0 railles <........ ............. ........... ...........>

1161.0 864.0 1166.0 74.0 présente déjà, à certains égards, un

547.0 1006.0 2124.0 97.0 <............ ............. ......... ......... .............. ...... .....>

550.0 1112.0 2124.0 124.0 <............ ............. ......... ......... .............. ...... .....>ca¬

556.0 1225.0 1129.0 109.0 ractère <.......> citadin.

583.0 1337.0 2073.0 107.0 <............ ............. ......... ......... .............. ...... .....>

568.0 1458.0 2076.0 107.0 <....> civilisation purement agricole qui, après

811.0 1432.0 95.0 80.0 La

559.0 1556.0 2118.0 104.0 la chute de l’Empire Romain <....> régna pendant

550.0 1666.0 2109.0 106.0 de longs siècles dans l’Europe Occidentale

539.0 1772.0 2141.0 89.0 avait naturellement <.......> son influence

1685.0 1739.0 160.0 77.0 exercé

518.0 1849.0 98.0 86.0 sur

530.0 1884.0 2132.0 101.0 toutes les institutions <.......... .. ......>

550.0 1976.0 2109.0 125.0 <...... .. .... ...... ..... ......>

539.0 2092.0 2141.0 103.0 <... ..... .... .... .......>

544.0 2201.0 2106.0 110.0 La sédentarité des fonctionnaires avait disparu

536.0 2311.0 2123.0 97.0 avec les villes <.........>. Comme le roi lui-même,

536.0 2426.0 2144.0 98.0 voyageant sans cesse <........> entre ses diverses résidences

527.0 2512.0 2141.0 106.0 tous les fonctionnaires étaient itinérants . Il n'y a¬

515.0 2621.0 2153.0 110.0 avait pas de capitale au centre de l'Etat; il n'y avait

536.0 2719.0 2126.0 109.0 pas de chefs-lieux dans ses circonscriptions. Les provin¬

636.0 2787.0 187.0 89.0 (comtés)

533.0 2820.0 2102.0 103.0 ces ne constituaient que de vastes districts ruraux,

542.0 2920.0 2138.0 116.0 parcourus constamment par les comtes qui y rendaient

536.0 3012.0 2111.0 118.0 la justice, y levaient les impôts, y convoquaient les

2615.0 50.0 38.0 59.0 7

553.0 3216.0 2115.0 86.0 (1) Cela n’est complètement vrai que des châteaux construits

565.0 3275.0 2103.0 113.0 par les princes laïques. Pour les cités épiscopales, il faut

536.0 3364.0 2114.0 104.0 tenir compte en outre de l’organisation ecclésiastique

550.0 3438.0 1484.0 95.0 qui avait décidé de leur emplacement.
