2713 3533
2512.0 11.0 97.0 65.0 80

574.0 32.0 2091.0 124.0 soit aux lieux même de production, soit dans

559.0 126.0 2106.0 133.0 les ports de la côte, soit aux grandes foires de l’inté¬

568.0 214.0 2091.0 130.0 rieur. En temps de disette ou de famine, - et l’on sait

580.0 320.0 2062.0 124.0 si ces catastrophes se répétaient fréquemment au

574.0 418.0 2053.0 120.0 Moyen Âge, - c’est même grâce à cette importation

589.0 506.0 2073.0 124.0 que les villes, privées des ressources de leurs alentours,

583.0 591.0 2065.0 130.0 parvenaient à nourrir leur population. <....>

565.0 685.0 2092.0 124.0 Il est hautement intéressant de constater que la ré¬

571.0 774.0 2068.0 138.0 glementation esquissée plus haut ne s’applique plus à ce

562.0 868.0 2092.0 91.0 nouveau mode de ravitaillement. Faite pour le mar¬

1932.0 930.0 713.0 106.0 parce  qu’il est restreint,

571.0 971.0 1885.0 100.0 ché local et capable de le dominer <...........>

1131.0 1036.0 274.0 71.0 enserrer

571.0 1048.0 2044.0 106.0 elle ne peut <...............................................> le

580.0 1142.0 2097.0 129.0 grand commerce dans ses mailles étroites. Il les rompt

574.0 1236.0 2059.0 124.0 comme un sanglier rompt sans peine un filet à

577.0 1330.0 2071.0 124.0 alouettes. La législation urbaine peut bien empêcher

556.0 1427.0 2092.0 127.0 un boulanger d’accumuler secrètement dans son

595.0 1522.0 2067.0 135.0 grenier quelques sacs de blé dans le but de les revendre

583.0 1598.0 2094.0 147.0 à haut prix à la première hausse, mais elle se trouve

574.0 1695.0 2035.0 148.0 impuissante devant le marchand en gros qui

589.0 1792.0 2059.0 139.0 fait débarquer sur les quais la cargaison de plu¬

568.0 1875.0 2103.0 141.0 sieurs bateaux pleins de seigle ou de froment. Elle

583.0 1984.0 2076.0 112.0 se trouve ici en présence d’un <...........................>

568.0 2087.0 2083.0 103.0 phénomène économique auquel elle n’est point a¬

542.0 2163.0 2088.0 121.0 daptée. Le capital la déroute dès que son action se

550.0 2267.0 2095.0 111.0 manifeste. Il est  pour ainsi dire en dehors de ses cal¬

562.0 2361.0 2089.0 88.0 culs. et il est certainement en dehors de ses atteintes.

565.0 2452.0 2118.0 103.0 Dès qu’il apparaît, elle recule devant lui et lui cède la

571.0 2543.0 2121.0 115.0 place. Si elle se maintient, c’est qu’il n’est pas encore

1829.0 2614.0 206.0 68.0 tout

562.0 2643.0 2109.0 109.0 suffisamment répandu pour  conquérir, c’est qu’il

556.0 2741.0 2121.0 106.0 reste en somme, une force exceptionnelle et extraor¬

539.0 2835.0 2150.0 117.0 dinaire. Il ne se déploie que dans la sphère du grand

550.0 2947.0 2121.0 88.0 commerce et ne cherche pas à se soumettre celle des

556.0 3029.0 2112.0 115.0 petites transactions et de la vie journalière. Mais ce

559.0 3126.0 2118.0 121.0 serait une grave erreur que d’oublier son existence

550.0 3220.0 2133.0 121.0 et que de ne point constater l’impuissance à la¬

562.0 3318.0 2092.0 120.0 quelle il réduit, dès qu'il se manifeste, l’organisation

556.0 3415.0 1367.0 106.0 économique de l’échange direct.
