2713 3552
2600.0 38.0 50.0 77.0 10

568.0 115.0 2091.0 101.0 échevins territoriaux qui y siègent à la maison

583.0 156.0 2085.0 157.0 scabinale ne résident point dans ses murailles

595.0 275.0 2055.0 127.0 C'est de la châtellenie qu'ils viennent, et c'est dans

580.0 367.0 2118.0 151.0 la châtellenie qu'ils retournent après s'être acquit¬

574.0 464.0 2100.0 145.0 tés de leur mission, si bien que le château ne nous

604.0 574.0 2034.0 142.0 apparait en définitive que comme un lieu de

616.0 686.0 2040.0 128.0 passage pourvu d'un certain nombre de gardiens

613.0 811.0 521.0 121.0 à poste fixe.

645.0 899.0 1982.0 122.0 Ce spectacle, que l'on peut constater au x^e et au xi^e

583.0 1003.0 2023.0 124.0 siècle à Gand, Bruges, Ypres, Furnes , Lille, Bru¬

610.0 1107.0 2058.0 121.0 xelles, Louvain, Valenciennes, etc., se retrouve

2597.0 1089.0 80.0 68.0 en

574.0 1216.0 2094.0 121.0 ses traits essentiels dans les "cités" épiscopales d'U¬

580.0 1311.0 2079.0 133.0 trecht, de Liège, de Cambrai. Là aussi, <....> l'ad¬

580.0 1426.0 2047.0 122.0 nistration se développe et se complique mais

571.0 1509.0 2062.0 136.0 là aussi on est encore bien éloigné d'une véritable

580.0 1625.0 2047.0 121.0 existence urbaine. La "cité", toutefois,

553.0 1752.0 2094.0 109.0 sur le château par sa population plus <.......>

2253.0 1707.0 231.0 80.0 dense

571.0 1858.0 2085.0 113.0 et par le rayonnement plus grand qu'elle exerce

586.0 1947.0 2088.0 125.0 autour d'elle. La résidence perpétuelle de l'évêque

574.0 2042.0 2088.0 130.0 et de sa cour, les clercs de plus en plus nombreux qui des¬

577.0 2143.0 2103.0 127.0 desservent la cathédrale et les autres églises, les  <.......>

562.0 2237.0 2082.0 136.0 moines des abbayes groupées au centre du diocèse y

574.0 2347.0 2061.0 115.0 entretiennent un mouvement plus intense et y

2129.0 2403.0 83.0 77.0 leur

577.0 2439.0 2079.0 145.0 réquisitionnent plus largement <...> subsistance

577.0 2542.0 2067.0 127.0 au dehors. De plus, les nécessités de l'administration

562.0 2646.0 2100.0 136.0 ecclésiastique y attirent continuellement, de tous

1089.0 2628.0 344.0 92.0 <......>

565.0 2749.0 2100.0 160.0 les points de l’évêché <... ... .. ...> une quantité

565.0 2835.0 2103.0 169.0 de persones. <..........> Ajoutez à cela <....> les plai¬

559.0 2942.0 2112.0 142.0 deurs cités devant le tribunal de l'official, les maî¬

556.0 3060.0 2106.0 139.0 tres et les élèves des écoles, et c'en sera assez pour se con¬

553.0 3158.0 2097.0 133.0 vaincre de la supériorité des "cités" épiscopales sur les

574.0 3270.0 2070.0 128.0 castra laïques. Mais c'est là une simple différence

598.0 3359.0 2103.0 154.0 de degré. Au fond, leur nature <...... ... identique>

1705.0 3439.0 987.0 86.0 est la même. Les unes comme
