2713 3486
2433.0 31.0 110.0 118.0 84

543.0 49.0 2109.0 113.0 à fait analogue à celle d’un fonctionnaire, et un

537.0 145.0 2074.0 104.0 réalité il est vraiment un fonctionnaire de l’ali¬

537.0 241.0 2109.0 98.0 mentation urbaine. On ne peut s’avancer plus loin

549.0 328.0 1847.0 87.0 dans la voie du socialisme réglementaire.

581.0 418.0 2050.0 107.0 Mais cet artisan si soigneusement tenu en bride

543.0 499.0 2100.0 96.0 est d’autre part protégé avec une sollicitude extra¬

549.0 589.0 2108.0 99.0 ordinaire contre <....> l’éternel adversaire du travail¬

543.0 679.0 2062.0 99.0 leur industriel, c’est-à-dire contre la concurrence. Si

549.0 787.0 2068.0 81.0 sa liberté est partout restreinte, <.............................>

549.0 854.0 2088.0 98.0 <.......................> son existence, d’autre part, est

546.0 941.0 2108.0 104.0 assurée par la même autorité qui le soumet à ses dé¬

549.0 1031.0 2091.0 90.0 crets. Tout d’abord, il n’a pas à craindre l’interven¬

549.0 1109.0 2100.0 114.0 tion de l’étranger. Le métier urbain a exclusive¬

546.0 1193.0 2120.0 134.0 ment le droit d’écouler ses produits sur le mar¬

555.0 1281.0 2079.0 125.0 ché de la ville. En dehors des foires, les producteurs

558.0 1382.0 2053.0 122.0 de l’extérieur ne peuvent introduire leurs fa¬

569.0 1481.0 2018.0 119.0 bricats dans l’enceinte urbaine. Mais il ne

558.0 1583.0 2093.0 125.0 suffit pas de repousser le « forain », il faut encore

572.0 1681.0 2039.0 114.0 garantir l’artisan contre la concurrence de ses

558.0 1786.0 2111.0 116.0 propres compagnons. Défense est faite, en conséquence,

546.0 1888.0 2108.0 96.0 de vendre à un prix inférieur à l'autre qui est mar¬

561.0 1975.0 2088.0 107.0 qué par les règlements, défense de travailler un

543.0 2071.0 2106.0 90.0 nombre d’heures supérieur à celui dont la cloche du

552.0 2167.0 2097.0 93.0 beffroi sonne le commencement et la fin, défense

540.0 2260.0 2094.0 90.0 d’employer des instruments inusités ou d’en in¬

535.0 2353.0 2125.0 113.0 venter, défense de perfectionner la technique, défen¬

535.0 2466.0 2134.0 93.0 se d’employer un plus grand nombre d’ouvriers que

529.0 2550.0 2131.0 102.0 les voisins, de faire travailler sa femme ou ses enfants

532.0 2643.0 2134.0 108.0 mineurs, défense enfin et défense absolue de faire de

540.0 2736.0 2132.0 110.0 la réclame et de vanter sa marchandise au détri¬

537.0 2843.0 2123.0 88.0 ment de la marchandise d’autrui. On va si loin

552.0 2931.0 2065.0 107.0 dans cette voie, qu’à Saint-Omer le statut de la

2163.0 2995.0 483.0 66.0 les passants

546.0 3029.0 2111.0 90.0 halle interdit à un vendeur de saluer <...........>

1759.0 3096.0 503.0 70.0 devant un

537.0 3125.0 2152.0 111.0 de se moucher ou d’éternuer <.........................................>

1430.0 3186.0 195.0 55.0 le voir

540.0 3212.0 2109.0 117.0 <...........> crainte de attirer ainsi sur un étalage

529.0 3300.0 1925.0 130.0 au détriment des autres, l’attention du client.
