2713 3529
2530.0 11.0 115.0 109.0 64

559.0 97.0 2106.0 76.0 tion. Les nouveaux habitants apprirent des vaincus

567.0 170.0 2107.0 100.0 les procédés de leur technique. Au IXe siècle, les manteaux

567.0 270.0 2095.0 100.0 dits frisons qui s’exportaient tout le long du Rhin et se

559.0 361.0 2124.0 109.0 distinguaient par leurs belles couleurs, et la supériorité

2380.0 438.0 168.0 91.0 <..>

573.0 455.0 2101.0 106.0 de leur tissage, étaient originaires <...............>

567.0 552.0 2107.0 103.0 <................................> du pays de Térouan¬

556.0 652.0 2112.0 89.0 -ne. Ainsi, le bonheur voulut que la draperie flamande

567.0 726.0 2098.0 109.0 se développât dès l’origine sous l’influence de la tra¬

576.0 820.0 2092.0 112.0 dition industrielle de Rome et <.............> bénéficiât

567.0 917.0 1348.0 103.0 par là, d’une situation privilégiée.¬

585.0 1011.0 2086.0 127.0 Pratiquée tout d’abord par les paysans de la côte, la dra¬

564.0 1111.0 2119.0 109.0 perie ne pouvait manquer de se concentrer dans les vil¬

564.0 1205.0 2116.0 112.0 les dès l’apparition de celles-ci. Il serait infiniment inté¬

553.0 1291.0 2112.0 111.0 ressant de savoir comment s’accomplit cette transla¬

559.0 1376.0 2124.0 132.0 tion. Nous en serons toujours réduit, faute de documents,

570.0 1470.0 2078.0 118.0 à l’ignorer. Mais on comprend sans peine que les tisse¬

564.0 1561.0 2098.0 115.0 rands ruraux durent émigrer en masse vers ces endroits

2209.0 1646.0 398.0 71.0 marchands

570.0 1649.0 2040.0 106.0 où ils trouvaient tout ensemble, outre des <........>

570.0 1735.0 2095.0 129.0 qui achetaient leurs produits, l'abri des remparts et la liber¬

550.0 1835.0 2124.0 114.0 té personnelle. Au XIIe siècle, toutes les villes flamandes sont

562.0 1932.0 2112.0 111.0 devenues des villes drapières. Leurs marchands nous appa¬

547.0 2011.0 2113.0 124.0 raissent avant tout, comme des exportateurs d’étoffes. La

553.0 2117.0 2118.0 115.0 production de celles ci  dépasse de beaucoup, en effet be¬

553.0 2205.0 2118.0 130.0 soins locaux et trouve à l’étranger des débouchés de plus

547.0 2299.0 2115.0 124.0 en plus étendus. Bientôt, la laine indigène ne suffit plus

553.0 2396.0 2098.0 115.0 à alimenter les métiers : il faut la faire venir du dehors.

553.0 2499.0 2112.0 94.0 C’est à l’Angleterre, dont les herbages humides nourris¬

553.0 2558.0 214.0 74.0 saient

535.0 2608.0 2098.0 85.0 <....> une race de moutons à toisons épaisses et soyeuses

564.0 2670.0 2110.0 117.0 qu’on alla la demander. Depuis le XIIe siècle, l'industrie fla¬

550.0 2767.0 2068.0 112.0 mande s'utilisa plus guère que la laine anglaise. Le

567.0 2852.0 2084.0 112.0 petit conté fur pendant trois siècle le meilleur client

1547.0 2920.0 642.0 82.0 membres des gildes

547.0 2952.0 2121.0 94.0 du royaume insulaire. Les <........> qui allaient vendre

535.0 3046.0 2086.0 91.0 leurs draps de l'autre côté de la mer <............> en

532.0 3243.0 2119.0 83.0 (1) Voy. H. Pirenne. Draps de Frise ou draps de Flandre ?

550.0 3293.0 2121.0 97.0 un pétit problème d'histoire économique à l'époque ca¬

532.0 3367.0 2122.0 129.0 rolingienne. Zuid schrift für Sozial und Wirtschaftsges¬

559.0 3437.0 447.0 71.0 chichte, 1909.
