2713 3500
2357.0 17.0 236.0 64.0 d'origine

571.0 26.0 2042.0 175.0 les deux autres classes. Cette répartition pu¬

571.0 163.0 2007.0 134.0 rement économique se rencontre indépen¬

589.0 236.0 2033.0 146.0 damment des <.......> diverses nationalités du

583.0 338.0 2030.0 154.0 pays, aussi bien dans les contrés wallonnes que

589.0 431.0 2018.0 140.0 dans les contrées flamandes. Elle existe à Dinant

592.0 527.0 2013.0 158.0 à Douai, à Lille, à Saint-Omer, aussi bien qu’à Bruges

586.0 624.0 2024.0 151.0 Gand, Bruxelles ou Louvain. <....> Si on la com¬

612.0 726.0 2001.0 146.0 pare avec le tableau que l’on a accoutumé de re¬

600.0 828.0 1996.0 137.0 tracer des villes médiévales, on constatera aussitôt

612.0 936.0 2022.0 146.0 qu’elle s’en différencie par l’importance numérique

618.0 1026.0 2022.0 126.0 des entrepreneurs-capitalistes et des travailleurs sala¬

609.0 1122.0 2025.0 143.0 riés. Mais il faut reconnaître que les Pays-Bas sont

612.0 1216.0 2042.0 143.0 connu, à côté du type urbain complètement déve¬

603.0 1312.0 2028.0 163.0 loppé que nous venons de décrire, un grand nombre de

624.0 1437.0 2010.0 129.0 bourgeoisies <.........> vivant surtout de l’indus¬

2371.0 1490.0 108.0 70.0 ou

609.0 1528.0 1996.0 114.0 trie et du commerce locaux et dans lesquelles ne <..>

700.0 1624.0 262.0 70.0 trouve

612.0 1630.0 2045.0 117.0 <..........> guère, à côté de <........> rentiers à caractère

624.0 1720.0 2027.0 123.0 à demi rural, que les artisans indispensables à l’exis¬

635.0 1802.0 2040.0 128.0 tence journalière de la commune et du plat-pays voi¬

624.0 1904.0 2027.0 114.0 sin. <...> Telle est la situation que nous présentent la

630.0 1995.0 1983.0 113.0 plupart des petites villes du Hainaut, du Namurois,

630.0 2088.0 2033.0 111.0 de la principauté de Liège, de la Hollande et de la Zélan¬

633.0 2193.0 2024.0 87.0 de, sans parler de <.......> plusieurs régions de la Flandre

641.0 2272.0 2034.0 108.0 et du Brabant. A vrai dire, les exemplaires de ce genre

633.0 2371.0 2021.0 108.0 sont beaucoup plus nombreux que ceux dont nous

641.0 2458.0 2001.0 114.0 venons de nous occuper. Mais leur fréquence ne doit

635.0 2552.0 1987.0 116.0 pas nous tromper sur leur nature. En réalité, les

638.0 2651.0 2025.0 111.0 villes à activité économique locale ne sont point les

644.0 2741.0 2045.0 123.0 exemplaires primitifs de la floraison urbaine. Presque

633.0 2843.0 2042.0 114.0 toutes ne doivent être considérées que comme des villes

650.0 2942.0 2016.0 111.0 de formation secondaire, des villages ou des bourgs

1537.0 2905.0 295.0 67.0 que comme

638.0 3039.0 2031.0 102.0 dotés de franchises municipales et érigés en communes

638.0 3123.0 2045.0 126.0 bourgeoises sur le modèle des grandes agglomé¬

633.0 3228.0 1432.0 105.0 rations marchandes des environs.

662.0 3313.0 2030.0 134.0 Une place à part doit être faite aux cités épiscopales

2427.0 49.0 116.0 130.0 97
