2713 3428
2455.0 2.0 106.0 89.0 143

546.0 51.0 2061.0 111.0 breux et plus hardis, se signalent par leur violence

548.0 157.0 2039.0 105.0 et leur audace. A Bruges, un <.....> obscur tisserand,

557.0 251.0 1998.0 108.0 Pierre de Coninc, se met à leur tête, et son éloquence

546.0 342.0 2032.0 100.0 enflammée les porte aux résolutions suprêmes. Le 17 mai

557.0 451.0 2004.0 86.0 1302, ils assaillent à la faveur de la nuit les soldats de

566.0 548.0 2029.0 97.0 Châtillon qui viennent d’arriver dans la ville pour y ré¬

563.0 622.0 2029.0 109.0 tablir l’ordre. Le cri de schild en vriendt retentit par les

557.0 728.0 2050.0 103.0 rues. Les Français qui cherchent à le pousser se trahis¬

566.0 825.0 2004.0 94.0 sent à leur accent et sont impitoyablement mas¬

574.0 908.0 1338.0 103.0 sacrés pêle-mêle avec les patriciens.

1315.0 982.0 228.0 80.0 auquel

626.0 1019.0 1955.0 80.0 Ce coup d’audace, <....> les historiens modernes <.......>

563.0 1111.0 2035.0 97.0 ont donné, par analogie avec les Vêpres sicilien¬

551.0 1208.0 1984.0 80.0 nes, le nom de Matines de Bruges, changeait tout à

571.0 1294.0 1993.0 105.0 coup la situation. Dans toutes les villes, le « commun »

580.0 1405.0 2021.0 86.0 guidé par les tisserands et les foulons, renverse les ma¬

571.0 1494.0 2041.0 85.0 gistrats, s’organise, se donne des capitaines et institue

566.0 1562.0 2058.0 103.0 à la hâte des gouvernements révolutionnaires. Les prolé¬

568.0 1662.0 1990.0 86.0 taires de la grande industrie se trouvent, par un

557.0 1751.0 1995.0 111.0 subit renversement des choses appelés à diriger le

560.0 1839.0 2004.0 123.0 pouvoir dont ils ont si longtemps été les victimes. Ils

574.0 1945.0 2007.0 100.0 s’en saisissent avec une brutalité et une soif de

566.0 2033.0 1472.0 109.0 vengeance qui n’étonnera personne...

588.0 2122.0 2007.0 109.0 Mais il fallait tout d’abord songer à la guerre, car

563.0 2219.0 2075.0 112.0 le roi, furieux de l’humiliation infligée à son repré¬

580.0 2305.0 2067.0 111.0 sentant lève une armée et la dirige vers la Flandre

580.0 2405.0 2010.0 111.0 sous le commandement de Robert d’Artois. <......>

577.0 2499.0 2061.0 100.0 <................................> Au milieu de la joie

586.0 2596.0 2026.0 103.0 de son triomphe, ce péril ne fait que porter au paroxys¬

571.0 2676.0 2039.0 103.0 me l’enthousiasme du peuple. D’ailleurs, il n’est plus

577.0 2770.0 2084.0 103.0 seul devant l’envahisseur. A la nouvelle des événements

586.0 2868.0 2024.0 114.0 de Bruges, les fils de Gui de Dampierre, Jean et Gui de Na¬

568.0 2959.0 2013.0 109.0 mur, son petit-fils, <..> le beau et brillant Guillaume

586.0 3050.0 2069.0 120.0 de Juliers, sont accourus en Flandre. Ces jeunes princes, par

574.0 3153.0 2073.0 112.0 une rencontre unique peut-être dans l’histoire du Moyen

574.0 3262.0 2053.0 97.0 Âge, <........................................................>
