<?xml version='1.0' encoding='utf-8'?>
<alto xmlns="http://www.loc.gov/standards/alto/ns-v4#" xmlns:xsi="http://www.w3.org/2001/XMLSchema-instance" xsi:schemaLocation="http://www.loc.gov/standards/alto/ns-v4# http://www.loc.gov/standards/alto/v4/alto-4-2.xsd">
  <Description>
    <MeasurementUnit>pixel</MeasurementUnit>
    <sourceImageInformation>
      <fileName>ARCH-DIV-000494_0095.png</fileName>
    </sourceImageInformation>
  </Description>
  <Tags>
    <OtherTag ID="BT37" LABEL="MainZone" DESCRIPTION="block type MainZone" /><OtherTag ID="BT38" LABEL="MarginTextZone" DESCRIPTION="block type MarginTextZone" /><OtherTag ID="BT39" LABEL="NumberingZone" DESCRIPTION="block type NumberingZone" /><OtherTag ID="BT40" LABEL="TitlePageZone" DESCRIPTION="block type TitlePageZone" /><OtherTag ID="BT41" LABEL="CustomZone:Numbering" DESCRIPTION="block type CustomZone:Numbering" /><OtherTag ID="BT48" LABEL="MarginTextZone:lower" DESCRIPTION="block type MarginTextZone:lower" /><OtherTag ID="BT84" LABEL="MarginTextZone:low" DESCRIPTION="block type MarginTextZone:low" />
    <OtherTag ID="LT26" LABEL="default" DESCRIPTION="line type default" /><OtherTag ID="LT27" LABEL="DefaultLine" DESCRIPTION="line type DefaultLine" /><OtherTag ID="LT28" LABEL="HeadingLine" DESCRIPTION="line type HeadingLine" /><OtherTag ID="LT29" LABEL="InterlinearLine:addition" DESCRIPTION="line type InterlinearLine:addition" /><OtherTag ID="LT30" LABEL="InterlinearLine:correction" DESCRIPTION="line type InterlinearLine:correction" />
  </Tags>
  <Layout>
    <Page WIDTH="2713" HEIGHT="3486" PHYSICAL_IMG_NR="90" ID="eSc_dummypage_">
      <PrintSpace HPOS="0" VPOS="0" WIDTH="2713" HEIGHT="3486">
        <TextBlock HPOS="2409.0" VPOS="70.0" WIDTH="175.0" HEIGHT="112.0" ID="eSc_textblock_fb00bfa8" TAGREFS="BT39">
          <Shape><Polygon POINTS="2414 92 2409 180 2567 182 2584 70" /></Shape>
          <TextLine ID="eSc_line_90b1d3c6" TAGREFS="LT27" BASELINE="2417 121 2520 166" HPOS="2390.0" VPOS="87.0" WIDTH="142.0" HEIGHT="101.0">
            <Shape><Polygon POINTS="2428 90 2416 119 2390 171 2506 188 2518 165 2532 119 2457 87 2428 90" /></Shape>
	    <String CONTENT="87" HPOS="2390.0" VPOS="87.0" WIDTH="142.0" HEIGHT="101.0" />
          </TextLine>
        </TextBlock>
        <TextBlock HPOS="495.0" VPOS="36.0" WIDTH="2194.0" HEIGHT="3409.0" ID="eSc_textblock_a7779d4d" TAGREFS="BT37">
          <Shape><Polygon POINTS="495 36 514 3445 2689 3440 2677 65" /></Shape>
          <TextLine ID="eSc_line_cb1973c0" TAGREFS="LT27" BASELINE="526 104 2567 87" HPOS="520.0" VPOS="43.0" WIDTH="2044.0" HEIGHT="102.0">
            <Shape><Polygon POINTS="2555 63 2032 58 2003 55 1829 55 1799 52 1596 52 1567 49 1392 49 1363 46 1160 46 1134 43 860 43 831 58 607 46 520 61 523 136 633 124 683 142 857 145 991 119 1055 139 1232 122 1442 139 1544 113 1756 113 1805 133 1811 133 1919 110 2000 122 2230 107 2410 119 2413 116 2430 122 2529 130 2564 104 2564 84 2558 63 2555 63" /></Shape>
	    <String CONTENT="aux mêmes réjouissances. Dans chaque" HPOS="520.0" VPOS="43.0" WIDTH="2044.0" HEIGHT="102.0" />
          </TextLine>
          <TextLine ID="eSc_line_3d13d2f6" TAGREFS="LT27" BASELINE="526 209 2628 194" HPOS="520.0" VPOS="153.0" WIDTH="2105.0" HEIGHT="79.0">
            <Shape><Polygon POINTS="523 206 523 232 2622 232 2625 191 2619 153 520 153 523 206" /></Shape>
	    <String CONTENT="corps de métier l’unité des sentiments correspond" HPOS="520.0" VPOS="153.0" WIDTH="2105.0" HEIGHT="79.0" />
          </TextLine>
          <TextLine ID="eSc_line_554870f3" TAGREFS="LT27" BASELINE="523 310 1512 296 2631 307" HPOS="517.0" VPOS="241.0" WIDTH="2111.0" HEIGHT="98.0">
            <Shape><Polygon POINTS="520 307 520 334 869 325 898 339 904 339 997 322 1064 339 1221 319 1317 334 1369 339 1436 334 1555 319 1762 339 1936 319 2375 322 2393 339 2401 339 2625 328 2628 305 2625 261 2471 261 2430 241 2343 258 2116 241 2044 258 1988 241 1977 241 1956 258 1901 244 1829 258 1808 241 1523 241 1459 258 1352 241 1320 261 1081 261 1035 241 1026 241 988 255 907 244 883 261 712 261 686 244 517 261 520 307" /></Shape>
	    <String CONTENT="à l’égalité économique &lt;..&gt;. Elle en constitue la garan¬" HPOS="517.0" VPOS="241.0" WIDTH="2111.0" HEIGHT="98.0" />
          </TextLine>
          <TextLine ID="eSc_line_361e00d2" TAGREFS="LT27" BASELINE="511 406 2579 395" HPOS="505.0" VPOS="336.0" WIDTH="2071.0" HEIGHT="114.0">
            <Shape><Polygon POINTS="508 403 508 438 665 427 700 450 776 450 776 447 863 438 1032 424 1087 444 1099 444 1099 441 1119 424 1160 441 1168 441 1206 424 1477 444 1544 421 1701 421 1744 444 1919 444 1919 441 1924 441 1924 438 1951 418 2058 418 2082 435 2082 438 2090 441 2195 441 2195 438 2201 438 2230 418 2570 438 2576 392 2567 345 2288 354 2273 348 2256 336 2172 351 2070 336 2012 357 1692 357 1608 339 1535 360 1462 342 1453 342 1401 360 1352 342 1343 342 1293 360 1250 342 1087 360 1032 342 1023 342 982 363 898 345 834 363 805 345 668 360 549 345 505 363 508 403" /></Shape>
	    <String CONTENT="tie spirituelle en même temps qu’elle fournit la" HPOS="505.0" VPOS="336.0" WIDTH="2071.0" HEIGHT="114.0" WC="0.993300503740708" />
          </TextLine>
          <TextLine ID="eSc_line_8812f55d" TAGREFS="LT27" BASELINE="514 514 1392 499 2617 508" HPOS="508.0" VPOS="441.0" WIDTH="2106.0" HEIGHT="105.0">
            <Shape><Polygon POINTS="511 511 511 528 1093 546 1180 525 1282 546 1436 522 1983 522 2079 546 2113 540 2172 522 2334 546 2614 540 2614 505 2608 444 2518 464 2247 464 2218 444 2204 444 2172 461 1968 461 1930 441 1922 441 1843 461 1590 441 1357 441 1343 444 1299 464 820 464 770 444 747 441 747 444 724 464 619 464 596 444 581 441 508 444 511 511" /></Shape>
	    <String CONTENT="meilleure preuve de l’harmonie existant entre" HPOS="508.0" VPOS="441.0" WIDTH="2106.0" HEIGHT="105.0" />
          </TextLine>
          <TextLine ID="eSc_line_6c1cf69d" TAGREFS="LT27" BASELINE="529 624 2611 612" HPOS="523.0" VPOS="549.0" WIDTH="2085.0" HEIGHT="113.0">
            <Shape><Polygon POINTS="526 621 526 662 1584 642 1782 662 1840 662 2067 644 2256 659 2297 639 2605 656 2608 610 2599 551 2506 566 2465 549 2445 551 2390 569 2332 551 2308 549 2253 569 2012 557 1863 572 1794 549 1785 549 1692 572 1654 551 1645 551 1631 557 1613 569 1590 549 1576 549 1538 572 1421 551 1387 578 1090 578 1061 554 1046 554 1014 578 985 563 962 554 953 554 930 563 898 581 837 581 808 554 523 566 526 621" /></Shape>
	    <String CONTENT="la législation industrielle et les aspirations" HPOS="523.0" VPOS="549.0" WIDTH="2085.0" HEIGHT="113.0" />
          </TextLine>
          <TextLine ID="eSc_line_f0cc0b85" TAGREFS="LT27" BASELINE="535 734 1986 734" HPOS="532.0" VPOS="697.0" WIDTH="1451.0" HEIGHT="93.0">
            <Shape><Polygon POINTS="532 732 532 764 689 764 712 781 712 784 817 787 857 764 945 764 1090 787 1128 766 1215 784 1480 761 1520 787 1529 790 1692 790 1692 787 1698 787 1698 784 1724 761 1805 787 1817 787 1817 784 1849 761 1924 761 1977 787 1983 732 1983 697 532 697 532 732" /></Shape>
	    <String CONTENT="de ceux auxquels elle s’applique.¬" HPOS="532.0" VPOS="697.0" WIDTH="1451.0" HEIGHT="93.0" />
          </TextLine>
          <TextLine ID="eSc_line_9d118df7" TAGREFS="LT28" BASELINE="1245 990 1508 981" HPOS="1238.0" VPOS="883.0" WIDTH="268.0" HEIGHT="180.0">
            <Shape><Polygon POINTS="1244 987 1244 1039 1416 1063 1419 1063 1421 1063 1424 1063 1424 1060 1462 1022 1506 1016 1506 978 1503 903 1427 883 1424 883 1421 883 1238 909 1244 987" /></Shape>
	    <String CONTENT="IV." HPOS="1238.0" VPOS="883.0" WIDTH="268.0" HEIGHT="180.0" WC="0.9999917348225912" />
          </TextLine>
          <TextLine ID="eSc_line_79cc073a" TAGREFS="LT27" BASELINE="607 1153 1392 1132 2617 1124" HPOS="601.0" VPOS="1057.0" WIDTH="2013.0" HEIGHT="125.0">
            <Shape><Polygon POINTS="604 1150 604 1167 665 1182 1052 1164 1160 1162 1183 1179 1192 1179 1331 1156 1753 1156 1849 1173 1858 1173 1878 1156 1988 1173 2032 1159 2148 1170 2611 1153 2614 1121 2605 1069 2192 1083 2096 1057 2084 1057 2041 1086 1762 1086 1727 1069 1712 1069 1686 1086 1552 1074 1514 1095 1331 1095 1279 1066 1183 1066 1142 1089 1113 1071 1099 1071 1058 1083 985 1071 950 1069 904 1092 817 1071 601 1071 604 1150" /></Shape>
	    <String CONTENT="Mais cette harmonie ne règne pas pourtant" HPOS="601.0" VPOS="1057.0" WIDTH="2013.0" HEIGHT="125.0" />
          </TextLine>
          <TextLine ID="eSc_line_c92590b9" TAGREFS="LT27" BASELINE="540 1257 2625 1231" HPOS="535.0" VPOS="1170.0" WIDTH="2087.0" HEIGHT="111.0">
            <Shape><Polygon POINTS="537 1254 537 1281 2619 1260 2622 1228 2608 1170 2585 1188 2494 1173 2492 1173 2489 1173 2483 1173 2387 1191 2369 1176 2366 1176 2364 1176 2361 1176 2148 1193 1948 1179 1933 1179 1930 1179 1927 1179 1924 1179 1869 1196 1703 1182 1692 1182 1689 1182 1686 1182 1645 1199 1544 1185 1541 1185 1442 1202 1241 1188 1235 1188 1232 1188 1230 1188 1168 1205 1000 1191 997 1191 994 1191 991 1191 956 1208 837 1193 834 1193 831 1193 758 1211 535 1196 537 1254" /></Shape>
	    <String CONTENT="dans tout l’ensemble de la classe des travail¬" HPOS="535.0" VPOS="1170.0" WIDTH="2087.0" HEIGHT="111.0" />
          </TextLine>
          <TextLine ID="eSc_line_1229d527" TAGREFS="LT27" BASELINE="537 1365 2634 1339" HPOS="532.0" VPOS="1289.0" WIDTH="2099.0" HEIGHT="99.0">
            <Shape><Polygon POINTS="535 1362 535 1388 1927 1388 1927 1385 2090 1379 2422 1362 2448 1376 2451 1376 2454 1376 2457 1376 2631 1374 2631 1336 2625 1289 1721 1289 1718 1289 1343 1307 1221 1313 1192 1310 1104 1298 1102 1298 1011 1313 988 1315 965 1313 872 1301 869 1301 779 1315 758 1318 735 1315 616 1304 613 1304 532 1318 535 1362" /></Shape>
	    <String CONTENT="leurs. Dans beaucoup de villes, et précisément dans" HPOS="532.0" VPOS="1289.0" WIDTH="2099.0" HEIGHT="99.0" />
          </TextLine>
          <TextLine ID="eSc_line_e3592059" TAGREFS="LT27" BASELINE="555 1464 1011 1452 2640 1452" HPOS="549.0" VPOS="1388.0" WIDTH="2088.0" HEIGHT="99.0">
            <Shape><Polygon POINTS="552 1461 552 1487 2634 1481 2637 1449 2634 1408 2224 1408 2172 1388 2163 1388 2113 1408 2050 1391 2041 1391 1986 1408 1951 1391 1939 1391 1913 1408 1660 1391 1654 1391 1616 1408 1581 1394 1424 1408 1311 1391 1291 1411 1110 1411 1090 1391 1075 1391 1049 1408 945 1391 878 1408 851 1391 729 1406 610 1391 549 1411 552 1461" /></Shape>
	    <String CONTENT="les villes les plus puissantes, il faut distinguer, à côté" HPOS="549.0" VPOS="1388.0" WIDTH="2088.0" HEIGHT="99.0" />
          </TextLine>
          <TextLine ID="eSc_line_aafc25ff" TAGREFS="LT27" BASELINE="535 1557 2625 1557" HPOS="532.0" VPOS="1498.0" WIDTH="2090.0" HEIGHT="96.0">
            <Shape><Polygon POINTS="532 1554 532 1577 569 1594 648 1580 857 1594 1011 1580 1235 1580 1261 1594 1346 1580 1416 1594 1424 1594 1442 1580 1567 1594 1666 1580 1762 1594 1855 1580 1904 1594 2622 1589 2622 1516 2369 1498 2285 1513 2209 1498 2038 1498 2015 1513 1878 1498 1741 1498 1727 1513 1628 1498 1500 1513 1468 1513 1261 1498 1160 1513 1110 1513 834 1498 532 1510 532 1554" /></Shape>
	    <String CONTENT="des artisans-entrepreneurs subsistant grâce au" HPOS="532.0" VPOS="1498.0" WIDTH="2090.0" HEIGHT="96.0" WC="0.9992965071097665" />
          </TextLine>
          <TextLine ID="eSc_line_d8c514c7" TAGREFS="LT27" BASELINE="517 1658 1799 1650 2651 1661" HPOS="511.0" VPOS="1591.0" WIDTH="2138.0" HEIGHT="102.0">
            <Shape><Polygon POINTS="514 1655 520 1693 549 1673 677 1690 802 1673 936 1690 997 1673 1168 1673 1200 1687 1436 1673 1485 1690 1497 1690 1523 1673 1546 1690 1555 1693 1642 1693 1642 1690 1747 1673 1770 1690 1779 1693 1858 1693 1858 1690 1933 1673 2006 1690 2009 1693 2646 1693 2649 1658 2646 1612 2436 1591 2349 1609 2163 1594 2020 1609 1997 1591 1983 1591 1951 1612 1605 1612 1605 1609 1564 1591 1323 1609 1296 1609 1180 1591 1084 1609 1078 1609 1058 1591 927 1609 907 1609 825 1591 782 1612 596 1612 569 1594 558 1594 511 1606 514 1655" /></Shape>
	    <String CONTENT="marché local, un autre groupe industriel de na¬" HPOS="511.0" VPOS="1591.0" WIDTH="2138.0" HEIGHT="102.0" />
          </TextLine>
          <TextLine ID="eSc_line_740e5cb6" TAGREFS="LT27" BASELINE="537 1757 2643 1751" HPOS="532.0" VPOS="1687.0" WIDTH="2108.0" HEIGHT="108.0">
            <Shape><Polygon POINTS="535 1754 537 1789 575 1774 709 1774 732 1792 744 1792 808 1774 1014 1792 1017 1795 1099 1795 1099 1792 1104 1792 1104 1789 1128 1774 1413 1774 1584 1792 1762 1772 1858 1789 1904 1772 1948 1789 2061 1774 2151 1789 2154 1792 2637 1792 2640 1748 2631 1708 2413 1708 2358 1690 2349 1690 2291 1711 2119 1711 2082 1690 2073 1690 2029 1708 2020 1708 1924 1687 1916 1687 1890 1708 1802 1693 1267 1711 1183 1690 1049 1708 1026 1690 770 1690 703 1711 686 1711 601 1690 532 1708 535 1754" /></Shape>
	    <String CONTENT="ture fort différente. Les centres les plus anciens de" HPOS="532.0" VPOS="1687.0" WIDTH="2108.0" HEIGHT="108.0" />
          </TextLine>
          <TextLine ID="eSc_line_b7add60e" TAGREFS="LT30" BASELINE="2152 1805 2576 1805" HPOS="2151.0" VPOS="1766.0" WIDTH="422.0" HEIGHT="67.0">
            <Shape><Polygon POINTS="2151 1804 2151 1818 2570 1833 2573 1804 2570 1766 2151 1766 2151 1804" /></Shape>
	    <String CONTENT="été créés par" HPOS="2151.0" VPOS="1766.0" WIDTH="422.0" HEIGHT="67.0" WC="0.9787326638515179" />
          </TextLine>
          <TextLine ID="eSc_line_a57d92be" TAGREFS="LT27" BASELINE="537 1853 2646 1853" HPOS="535.0" VPOS="1798.0" WIDTH="2108.0" HEIGHT="87.0">
            <Shape><Polygon POINTS="535 1850 535 1885 654 1870 753 1885 756 1885 758 1885 767 1885 1171 1870 2640 1882 2643 1850 2640 1806 1567 1812 1544 1809 1471 1798 1468 1798 1465 1798 1462 1798 1442 1809 1436 1815 1052 1815 1041 1812 945 1798 942 1798 939 1798 904 1812 851 1798 849 1798 846 1798 779 1812 776 1812 773 1812 593 1798 590 1798 587 1798 535 1812 535 1850" /></Shape>
	    <String CONTENT="la vie urbaine, nous l’avons vu, ont &lt;..........&gt;" HPOS="535.0" VPOS="1798.0" WIDTH="2108.0" HEIGHT="87.0" />
          </TextLine>
          <TextLine ID="eSc_line_1db8430a" TAGREFS="LT27" BASELINE="526 1955 1206 1943 2622 1946" HPOS="520.0" VPOS="1891.0" WIDTH="2099.0" HEIGHT="104.0">
            <Shape><Polygon POINTS="523 1952 523 1995 715 1972 744 1992 849 1975 1000 1992 1041 1969 1683 1969 1709 1989 1709 1992 1910 1969 1983 1989 2006 1992 2125 1975 2372 1987 2480 1966 2614 1984 2619 1943 2614 1902 2175 1905 2076 1891 1901 1905 1767 1891 1721 1905 1706 1905 1619 1891 1541 1905 1477 1891 1395 1905 1276 1891 1041 1905 817 1891 793 1908 520 1908 523 1952" /></Shape>
	    <String CONTENT="&lt;......&gt; des marchands. Or, ces marchands nous" HPOS="520.0" VPOS="1891.0" WIDTH="2099.0" HEIGHT="104.0" />
          </TextLine>
          <TextLine ID="eSc_line_d0f5e11e" TAGREFS="LT27" BASELINE="540 2059 2631 2048" HPOS="535.0" VPOS="2004.0" WIDTH="2093.0" HEIGHT="96.0">
            <Shape><Polygon POINTS="537 2056 537 2100 654 2085 994 2097 1035 2097 1038 2097 1041 2097 1043 2097 1072 2082 2625 2082 2628 2045 2619 2004 535 2010 537 2056" /></Shape>
	    <String CONTENT="apparaissent, &lt;.........&gt; dès l’origine, comme étendant" HPOS="535.0" VPOS="2004.0" WIDTH="2093.0" HEIGHT="96.0" />
          </TextLine>
          <TextLine ID="eSc_line_813a2dcd" TAGREFS="LT27" BASELINE="537 2161 1974 2158 2643 2172" HPOS="535.0" VPOS="2100.0" WIDTH="2105.0" HEIGHT="101.0">
            <Shape><Polygon POINTS="535 2158 540 2199 569 2181 599 2199 613 2199 660 2181 764 2201 872 2201 904 2181 956 2199 977 2199 1084 2181 1427 2181 1503 2199 1526 2201 1544 2199 1578 2184 1619 2201 1657 2199 1730 2187 1750 2201 1788 2199 1855 2187 1997 2199 2035 2199 2073 2184 2122 2201 2140 2199 2172 2184 2262 2199 2297 2201 2637 2196 2640 2170 2637 2123 2436 2123 2416 2103 2404 2103 2343 2117 2140 2103 2111 2120 2032 2103 1846 2120 1706 2103 1456 2103 1421 2120 1270 2120 1238 2100 1110 2117 535 2106 535 2158" /></Shape>
	    <String CONTENT="leurs affaires bien au delà du marché local. Ce sont des" HPOS="535.0" VPOS="2100.0" WIDTH="2105.0" HEIGHT="101.0" WC="0.9877171431268964" />
          </TextLine>
          <TextLine ID="eSc_line_54e03999" TAGREFS="LT30" BASELINE="1829 2222 1986 2222" HPOS="1826.0" VPOS="2175.0" WIDTH="157.0" HEIGHT="76.0">
            <Shape><Polygon POINTS="1826 2219 1826 2251 1983 2251 1983 2219 1980 2175 1826 2175 1826 2219" /></Shape>
	    <String CONTENT="dans" HPOS="1826.0" VPOS="2175.0" WIDTH="157.0" HEIGHT="76.0" WC="0.9766160249710083" />
          </TextLine>
          <TextLine ID="eSc_line_8452747e" TAGREFS="LT27" BASELINE="532 2262 2637 2280" HPOS="526.0" VPOS="2213.0" WIDTH="2108.0" HEIGHT="93.0">
            <Shape><Polygon POINTS="529 2260 526 2292 2628 2306 2634 2277 2634 2233 529 2213 529 2260" /></Shape>
	    <String CONTENT="négociants en gros amenant &lt;....&gt; la ville pour les" HPOS="526.0" VPOS="2213.0" WIDTH="2108.0" HEIGHT="93.0" />
          </TextLine>
          <TextLine ID="eSc_line_89b0a351" TAGREFS="LT27" BASELINE="526 2379 1831 2373 2654 2396" HPOS="523.0" VPOS="2321.0" WIDTH="2128.0" HEIGHT="101.0">
            <Shape><Polygon POINTS="523 2376 523 2408 651 2393 726 2408 758 2414 761 2414 764 2414 782 2408 825 2393 872 2408 904 2416 907 2416 910 2416 1116 2408 1323 2396 1352 2405 1387 2416 1389 2416 1529 2419 1532 2419 1535 2419 1570 2405 1581 2399 1610 2405 1666 2414 1669 2414 1808 2402 1872 2399 2000 2402 2602 2422 2605 2422 2608 2422 2649 2399 2651 2393 2651 2329 523 2321 523 2376" /></Shape>
	    <String CONTENT="réexporter au dehors, des produits naturels ou des pro¬" HPOS="523.0" VPOS="2321.0" WIDTH="2128.0" HEIGHT="101.0" />
          </TextLine>
          <TextLine ID="eSc_line_802ed0ef" TAGREFS="LT27" BASELINE="532 2472 2079 2469 2657 2483" HPOS="526.0" VPOS="2408.0" WIDTH="2128.0" HEIGHT="107.0">
            <Shape><Polygon POINTS="529 2469 526 2486 735 2512 738 2515 1096 2515 1096 2512 1206 2492 1259 2509 1561 2492 1776 2512 1858 2492 2649 2509 2654 2480 2654 2431 2058 2431 2047 2425 1997 2411 1904 2428 1753 2411 1610 2428 1541 2411 1439 2428 1340 2411 1200 2428 1026 2411 904 2428 863 2411 651 2428 625 2408 616 2408 529 2414 529 2469" /></Shape>
	    <String CONTENT="duits fabriqués. L’industrie urbaine a nécessaire¬" HPOS="526.0" VPOS="2408.0" WIDTH="2128.0" HEIGHT="107.0" />
          </TextLine>
          <TextLine ID="eSc_line_7bc45919" TAGREFS="LT27" BASELINE="523 2565 1637 2562 2660 2585" HPOS="517.0" VPOS="2501.0" WIDTH="2140.0" HEIGHT="113.0">
            <Shape><Polygon POINTS="520 2562 517 2591 1026 2579 1177 2599 1221 2582 1308 2597 1314 2597 1343 2582 1546 2602 1683 2585 1770 2605 1791 2605 1965 2588 2006 2608 2375 2594 2439 2611 2442 2614 2654 2614 2657 2536 2553 2515 2116 2530 2018 2509 1858 2527 1762 2509 1526 2524 1468 2507 1459 2507 1413 2524 1372 2504 1189 2504 1163 2521 1102 2504 1090 2504 1067 2521 921 2521 889 2501 878 2501 811 2518 520 2518 520 2562" /></Shape>
	    <String CONTENT="ment fourni de très bonne heure le principal aliment" HPOS="517.0" VPOS="2501.0" WIDTH="2140.0" HEIGHT="113.0" />
          </TextLine>
          <TextLine ID="eSc_line_1494739a" TAGREFS="LT27" BASELINE="529 2663 2602 2681" HPOS="526.0" VPOS="2608.0" WIDTH="2073.0" HEIGHT="111.0">
            <Shape><Polygon POINTS="526 2660 526 2687 1090 2687 1131 2707 1200 2692 1241 2713 1546 2713 1546 2710 1602 2695 1616 2710 1625 2710 1660 2707 1747 2692 1840 2710 1875 2692 1907 2710 1924 2710 1988 2695 2044 2713 2061 2713 2090 2695 2105 2710 2244 2695 2332 2695 2364 2719 2474 2704 2593 2719 2599 2678 2596 2631 526 2608 526 2660" /></Shape>
	    <String CONTENT="à leur commerce. Non point, il est vrai, cette petite" HPOS="526.0" VPOS="2608.0" WIDTH="2073.0" HEIGHT="111.0" />
          </TextLine>
          <TextLine ID="eSc_line_cb37169d" TAGREFS="LT27" BASELINE="526 2762 2657 2785" HPOS="520.0" VPOS="2707.0" WIDTH="2134.0" HEIGHT="119.0">
            <Shape><Polygon POINTS="520 2785 549 2800 552 2800 555 2800 785 2788 895 2809 898 2809 1020 2794 1049 2812 1052 2812 1055 2812 1058 2812 1061 2812 1122 2794 1590 2817 1593 2817 1671 2803 1718 2817 1721 2817 1724 2817 1727 2817 1730 2817 1762 2800 2116 2800 2215 2820 2218 2820 2419 2809 2445 2826 2448 2826 2451 2826 2454 2826 2651 2806 2654 2782 2651 2730 1858 2736 1183 2716 1180 2716 1078 2727 1055 2713 1052 2713 1049 2713 1046 2713 1043 2713 590 2721 526 2707 523 2759 520 2785" /></Shape>
	    <String CONTENT="industrie &lt;........&gt;  qui se rencontre dans chaque" HPOS="520.0" VPOS="2707.0" WIDTH="2134.0" HEIGHT="119.0" />
          </TextLine>
          <TextLine ID="eSc_line_70d27196" TAGREFS="LT27" BASELINE="532 2864 1549 2861 2660 2878" HPOS="526.0" VPOS="2806.0" WIDTH="2131.0" HEIGHT="107.0">
            <Shape><Polygon POINTS="529 2861 526 2875 753 2902 968 2881 994 2881 1203 2899 1209 2899 1235 2884 1337 2899 1567 2887 1596 2902 1663 2887 1692 2907 1834 2893 1869 2893 2073 2910 2128 2896 2148 2896 2244 2910 2320 2896 2340 2913 2349 2913 2654 2902 2657 2832 2506 2817 2497 2817 2474 2835 2256 2835 2195 2814 2186 2814 2154 2829 2067 2814 2041 2832 1861 2832 1631 2812 1456 2823 1369 2809 735 2820 718 2806 529 2806 529 2861" /></Shape>
	    <String CONTENT="ville et dont nous venons d’esquisser le tableau. Mais" HPOS="526.0" VPOS="2806.0" WIDTH="2131.0" HEIGHT="107.0" />
          </TextLine>
          <TextLine ID="eSc_line_1f38aedc" TAGREFS="LT27" BASELINE="526 2971 1549 2960 2651 2980" HPOS="520.0" VPOS="2905.0" WIDTH="2129.0" HEIGHT="104.0">
            <Shape><Polygon POINTS="523 2968 520 2995 1084 3003 1145 2986 1384 2986 1544 3006 1619 2989 1988 2989 2018 3009 2646 3006 2649 2977 2646 2931 2523 2913 1983 2925 1959 2910 1951 2910 1395 2925 1288 2907 953 2922 947 2922 924 2907 913 2907 854 2922 773 2905 764 2905 741 2919 558 2905 523 2916 523 2968" /></Shape>
	    <String CONTENT="l’industrie &lt;.......&gt; spécialisée et par cela même" HPOS="520.0" VPOS="2905.0" WIDTH="2129.0" HEIGHT="104.0" />
          </TextLine>
          <TextLine ID="eSc_line_b8a43055" TAGREFS="LT27" BASELINE="523 3067 1622 3061 2660 3082" HPOS="517.0" VPOS="3009.0" WIDTH="2140.0" HEIGHT="105.0">
            <Shape><Polygon POINTS="520 3064 517 3090 898 3102 901 3102 904 3102 942 3090 968 3085 985 3090 1003 3099 1006 3099 1009 3099 1131 3090 1241 3085 1320 3090 1465 3105 1468 3105 1471 3105 1474 3105 1497 3090 1506 3088 1683 3088 1718 3090 1823 3105 1826 3105 2050 3090 2076 3090 2090 3090 2247 3111 2250 3114 2617 3114 2617 3111 2619 3111 2654 3090 2657 3079 2654 3035 1756 3015 1753 3015 1343 3027 1305 3027 1296 3027 1224 3012 1221 3012 921 3024 910 3024 907 3024 851 3009 849 3009 846 3009 520 3021 520 3064" /></Shape>
	    <String CONTENT="susceptible d’une extension croissante, que les cir¬" HPOS="517.0" VPOS="3009.0" WIDTH="2140.0" HEIGHT="105.0" />
          </TextLine>
          <TextLine ID="eSc_line_71c838b6" TAGREFS="LT27" BASELINE="537 3160 1878 3160 2634 3178" HPOS="532.0" VPOS="3105.0" WIDTH="2099.0" HEIGHT="110.0">
            <Shape><Polygon POINTS="535 3157 532 3183 834 3201 872 3183 1023 3195 1064 3180 1136 3212 1206 3212 1261 3183 1387 3183 1482 3210 1660 3186 1814 3204 1823 3204 1852 3186 2006 3204 2015 3204 2041 3186 2180 3192 2224 3215 2628 3207 2631 3175 2628 3128 2140 3128 2113 3108 1904 3122 1733 3108 1657 3122 1640 3122 1576 3105 1567 3105 1526 3119 1451 3105 535 3114 535 3157" /></Shape>
	    <String CONTENT="constances ont fait surgir dans certaines régions" HPOS="532.0" VPOS="3105.0" WIDTH="2099.0" HEIGHT="110.0" WC="0.9976708146990562" />
          </TextLine>
          <TextLine ID="eSc_line_c0dd9888" TAGREFS="LT27" BASELINE="535 3271 1014 3253" HPOS="529.0" VPOS="3195.0" WIDTH="482.0" HEIGHT="122.0">
            <Shape><Polygon POINTS="532 3268 535 3317 593 3291 718 3288 788 3300 834 3308 837 3308 840 3308 843 3308 843 3305 846 3305 851 3297 860 3288 927 3282 942 3291 956 3302 959 3302 962 3302 965 3302 968 3302 1011 3285 1011 3250 1003 3212 881 3215 878 3215 851 3195 849 3195 846 3195 843 3195 785 3198 782 3198 779 3198 779 3201 758 3218 756 3224 651 3224 645 3221 607 3204 604 3204 601 3204 599 3204 529 3224 532 3268" /></Shape>
	    <String CONTENT="privilégiées.¬" HPOS="529.0" VPOS="3195.0" WIDTH="482.0" HEIGHT="122.0" />
          </TextLine>
          <TextLine ID="eSc_line_d1465701" TAGREFS="LT27" BASELINE="581 3369 1482 3355 2134 3375 2569 3381 2645 3392" HPOS="578.0" VPOS="3297.0" WIDTH="2065.0" HEIGHT="110.0">
            <Shape><Polygon POINTS="578 3366 578 3407 811 3407 811 3404 863 3387 1125 3387 1145 3401 1273 3387 1299 3404 1311 3404 1352 3387 1439 3404 1480 3387 1584 3407 1602 3407 1706 3390 1858 3407 1872 3407 1930 3393 2637 3407 2643 3390 2643 3320 2544 3302 2381 3323 2349 3302 2337 3302 2268 3323 2082 3308 2058 3326 1788 3326 1692 3302 1686 3302 1642 3323 1043 3297 1035 3297 1011 3317 936 3302 756 3320 677 3297 668 3297 578 3320 578 3366" /></Shape>
	    <String CONTENT="De ces industries spécialisées et dont les produits" HPOS="578.0" VPOS="3297.0" WIDTH="2065.0" HEIGHT="110.0" />
          </TextLine>
        </TextBlock>
      </PrintSpace>
    </Page>
  </Layout>
</alto>