2713 3454
2439.0 23.0 112.0 135.0 139

1301.0 132.0 259.0 98.0 III

665.0 270.0 1903.0 98.0 Si nous avons décrit tout d’abord <..............>

547.0 365.0 2010.0 107.0 le mouvement démocratique dans le pays de Liège. Ce

538.0 477.0 2039.0 95.0 n’est pas qu’il s’y soit développé plus hâtivement qu'en

547.0 578.0 2070.0 92.0 Flandre. <...........> Nous avons eu l’occasion de voir,

544.0 670.0 2062.0 87.0 au contraire, qu’il a subi très profondément, au commen¬

1863.0 733.0 466.0 64.0 flamande

541.0 768.0 2030.0 83.0 cement du XIVe siècle, l’influence <..........>. Mais

544.0 860.0 2073.0 107.0 les <....> phénomènes qu’il présente aux bords de la Meu¬

529.0 972.0 2008.0 92.0 se sont beaucoup plus simples que ceux auxquels il

541.0 1053.0 2085.0 106.0 donna naissance dans le bassin de l’Escaut. Ici, les for¬

544.0 1159.0 2076.0 107.0 ces en lutte les uns contre les autres sont bien plus considé¬

541.0 1280.0 2068.0 75.0 rables, les intérêts en jeu bien plus importants et <.....>

535.0 1364.0 2077.0 101.0 <....> le conflit se complique surtout d’une grave question

541.0 1462.0 2059.0 106.0 de politique extérieure qui a exercé sur ses péripéties

547.0 1565.0 1204.0 90.0 une influence prépondérante.

596.0 1652.0 2024.0 109.0 Depuis le règne de Philippe-Auguste, il a existé pour la

550.0 1752.0 2067.0 113.0 politique française une question flamande. Un des buts

552.0 1853.0 2028.0 101.0 poursuivis par les rois avec le plus de persévérance a

547.0 1934.0 2088.0 124.0 été la réunion <.......> à la couronne du grand com¬

544.0 2049.0 2059.0 101.0 té qui comprenait les territoires septentrionaux de la

532.0 2147.0 2042.0 80.0 monarchie et pouvait lui fournir une admirable

544.0 2230.0 2073.0 112.0 base d’opération contre l’Angleterre. La Iutte commencée

541.0 2328.0 2085.0 118.0 dès le règne de Philippe d’Alsace (  ) ne fut tout

544.0 2432.0 2048.0 112.0 d’abord qu’un <....> de ces duels si fréquents au Moyen

550.0 2527.0 2079.0 115.0 Âge entre un suzerain et un grand vassal. Mais il de¬

547.0 2625.0 2068.0 118.0 vait venir un moment où les villes y seraient entraî¬

538.0 2720.0 2079.0 135.0 nées. Elles avaient acquis, en effet, une trop grande puis¬

1969.0 2826.0 349.0 75.0 par suite

538.0 2829.0 2054.0 124.0 sance, et elles étaient trop intéressées,<......> de leur

538.0 2935.0 2071.0 118.0 commerce, à la politique de leurs princes, pour pouvoir

544.0 3033.0 2068.0 115.0 demeurer simples spectatrices d’un conflit où leur

544.0 3134.0 2076.0 112.0 cause était engagée. Ce ne fut point d’ailleurs le sen¬

527.0 3235.0 2108.0 100.0 timent national, <...> sentiment inconnu à la so¬
