2713 3482
2512.0 23.0 122.0 58.0 112

566.0 31.0 2056.0 131.0 ouvrières <......................>. Ils servent

865.0 124.0 352.0 79.0 Dans la milice

563.0 153.0 2071.0 105.0 à cheval. A la prison communale, on distingue soigneu¬

554.0 232.0 2077.0 124.0 sement et l’on traite de manière différente l’homme de

548.0 327.0 2013.0 122.0 métier et le bourgeois « qui a coutume de boire

563.0 438.0 2016.0 107.0 journellement du vin à sa table ». Dans les églises

557.0 528.0 2074.0 121.0 urbaines, enfin, des fondations pieuses obligent

560.0 629.0 2062.0 122.0 chaque jour le prêtre à recommander aux prières

569.0 728.0 2065.0 122.0 des fidèles, l’âme des puissants damoiseaux dont

566.0 835.0 2059.0 125.0 les corps reposent devant le chœur, sous des dalles

569.0 934.0 2056.0 125.0 de pierre ou de laiton représentant l’effigie du

560.0 1038.0 1409.0 128.0 mort en grand costume militaire.¬

676.0 1143.0 1973.0 113.0 Personne ne proteste contre cet ascendant des patri¬

583.0 1241.0 2060.0 90.0 ciens. Le « commun » les reconnaît comme seigneurs

578.0 1334.0 2056.0 99.0 des villes et c’est bien là le nom qui leur appartient

586.0 1421.0 2060.0 99.0 puisque, au cours de la seconde moitié du XIIe siècle

1304.0 1485.0 308.0 81.0 <......>

1635.0 1488.0 1034.0 75.0 détiennent exclusivement le pouvoir.

586.0 1526.0 2077.0 96.0 au plus tard, ils <......................................................>

601.0 1622.0 2019.0 113.0 <..............................................>. Le gouvernement direct

598.0 1726.0 2059.0 90.0 du peuple par lui-même est tombé en désuétude. <...>

830.0 1778.0 299.0 76.0 Peu à peu

598.0 1813.0 2071.0 116.0 <................>, la classe qui possède la richesse, donne

2175.0 1897.0 238.0 84.0 dispose

595.0 1918.0 1964.0 104.0 l’impulsion à l’industrie urbaine et <.......> par

592.0 2022.0 2051.0 107.0 surcroît des loisirs nécessaires pour s’occuper de la

592.0 2112.0 2042.0 116.0 chose publique a monopolisé entre ses mains l’ad¬

583.0 2219.0 2039.0 90.0 ministration municipale. Non seulement l’éche¬

1728.0 2295.0 462.0 55.0 communaux

592.0 2327.0 2030.0 81.0 vinage, mais tous les emplois <........> appartien¬

592.0 2399.0 2022.0 119.0 nent désormais aux grands bourgeois. C’est de leur sein

595.0 2504.0 2010.0 116.0 que sortent les percepteurs de l’impôt urbain, les re¬

589.0 2596.0 2004.0 111.0 wards de l’industrie, les surveillants des marchés,

589.0 2692.0 2002.0 111.0 les chefs des quartiers, les commandants de la <......>

589.0 2776.0 2068.0 114.0 milice, les receveurs des hôpitaux, les <..................>

598.0 2881.0 1978.0 110.0 <...> inspecteurs des travaux publics etc. Le régime

598.0 2968.0 2065.0 119.0 auquel les villes sont soumises est dans toute la force

2030.0 3069.0 177.0 56.0 droits

604.0 3069.0 2050.0 122.0 du terme, un régime de classe. Les <...........> politiques,

2492.0 3171.0 157.0 73.0 se sont

609.0 3168.0 2054.0 119.0 jadis diffus dans l’ensemble de la population <....>

1147.0 3232.0 122.0 64.0 aux

607.0 3264.0 1792.0 99.0 concentrés <.......> mains d’une <...........>

1899.0 3351.0 726.0 84.0 minorité privilégiée.
