2713 3552
2582.0 38.0 119.0 145.0 15

610.0 62.0 672.0 112.0 de l'enceinte.

592.0 183.0 2097.0 121.0 Entre l'ancienne population et la nouvelle le contraste est

574.0 284.0 2121.0 124.0 aussi éclatant qu'il est possible. La première, composée de

553.0 370.0 2121.0 115.0 militaires, de clercs, de fonctionnaires, de serviteurs, consomme

568.0 458.0 2118.0 122.0 on l'a vu, sans rien produire, et d'ailleurs ne s'augmente pas.

556.0 535.0 2130.0 131.0 La seconde <.....> perpétuellement accrue en afflux

556.0 624.0 2109.0 124.0 de nouveaux arrivants, s'adonne tout entière à l'exercice

565.0 698.0 2127.0 157.0 du commerce. Au lieu d'être entretenue par les <.......>

565.0 790.0 2118.0 151.0 <.....> prestations qu'elle reçoit du dehors , elle ne subsiste

1741.0 852.0 856.0 74.0 la pleine acception du mot

589.0 885.0 2067.0 139.0 que par son travail. C'est dans <..... ... .... ........>

576.0 972.0 2137.0 138.0 une colonie ^(1), et comme dans toute colonie, les immigrants

636.0 1062.0 744.0 86.0 dont elle s'accroit sans cesse

580.0 1063.0 2119.0 140.0 <......... ..... ....... ........ .. .. ...... .. ..... ....>

577.0 1133.0 2085.0 163.0 des chercheurs de fortune, des aventuriers, des hommes

574.0 1237.0 2067.0 151.0 entreprenants et actifs. Le castrum n'avait été

571.0 1355.0 2106.0 145.0 pour les gens de la campagne qu'un refuge momen¬

574.0 1438.0 2106.0 154.0 tané <...... ......> que le siège d'un marché hebdo¬

1756.0 1527.0 130.0 59.0 d'un

577.0 1524.0 2106.0 163.0 madaire, que l'emplacement <...> sanctuaire<.> vénéré<.>. Ils

574.0 1622.0 2115.0 159.0 y passaient, ils n'y résidaient pas. Le portus, au contraire, re¬

1640.0 1704.0 273.0 72.0 commencer

556.0 1713.0 2127.0 157.0 tient tous ceux qui viennent y <.....> un nouveau genre de

2079.0 1778.0 97.0 63.0 Il

556.0 1796.0 2124.0 151.0 vie. <....... .... ..... ... ..........> ne se juxtapose

1451.0 1903.0 100.0 65.0 au

562.0 1891.0 2124.0 148.0 pas seulement <.....> château, comme un faubourg

556.0 1962.0 2106.0 154.0 à une ville : il s'en différencie par l'origine de ses habitants,

556.0 2051.0 2127.0 180.0 par leurs occupations habituelles, par leur condition juridi¬

568.0 2243.0 193.0 89.0 que.

583.0 2264.0 2103.0 166.0 En effet, dès l'origine,  sa population apparaît com¬

544.0 2350.0 2148.0 166.0 me une population d'hommes libres. Formée d'immigrants

562.0 2442.0 2142.0 156.0 venus de toutes parts, ayant abandonné leurs familles et

542.0 2533.0 2150.0 151.0 les domaines sur lesquels ils avaient vécu jusqu'alors, elle

533.0 2625.0 2165.0 145.0 constitue un groupement d'inconnus, une foule ano¬

530.0 2708.0 2162.0 151.0 nyme au milieu de laquelle il est impossible de recon¬

521.0 2788.0 2159.0 151.0 naître le status primitif de chacun de ses membres. Sans

767.0 2894.0 228.0 77.0 puisqu'ils

533.0 2880.0 2153.0 139.0 doute <.....> viennent de la campagne <......>

536.0 2960.0 2105.0 133.0 et que la servitude est alors la condition habituelle

539.0 3057.0 2126.0 139.0 de la classe rurale, beaucoup d'entre eux sont fils et

533.0 3229.0 2031.0 130.0 (1) Des textes du XIe siècle donnent le nom de colonia à

553.0 3344.0 791.0 107.0 Bruges et à Dinant.
