2713 3552
2529.0 23.0 139.0 80.0 30

1945.0 29.0 131.0 74.0 son

616.0 53.0 2090.0 124.0 conduite qu’ils adoptèrent à <...> égard fut géné¬

574.0 153.0 2100.0 107.0 généralement pacifique. <...... ... ..... .. ....>

598.0 242.0 2064.0 113.0 <.................................>

577.0 334.0 2097.0 104.0 <.....> De leur côté, les villes n’eurent garde <........>

663.0 408.0 290.0 65.0 d'inquiéter

583.0 417.0 2050.0 124.0 <..... > un pouvoir qui les protégeait contre les

577.0 506.0 2091.0 124.0 petits seigneurs locaux, voisins génants et dange¬

577.0 580.0 2085.0 145.0 reux, et <... .....> s’abstenait d’intervenir dans

1027.0 583.0 71.0 71.0 qui

568.0 663.0 2106.0 168.0 leurs affaires. <........ ....... ..... ......>

627.0 787.0 726.0 154.0 <.........>

592.0 885.0 2082.0 133.0 Mais les évêques se trouvaient dans une situa¬

568.0 976.0 2106.0 128.0 tion toute différente. <.........> Établis à demeure

1842.0 1047.0 485.0 71.0 étaient forcés par là

586.0 1065.0 2088.0 121.0 dans leurs cités <......>, ils <...... .......>

574.0 1148.0 2094.0 142.0 <....> d'entretenir avec les habitants de celles-ci des rela¬

578.0 1237.0 2052.0 122.0 tions journalières et de<.....> s’intérer à leurs faits et

2046.0 1302.0 367.0 65.0 professaient

580.0 1326.0 2097.0 130.0 gestes. Plus cultivés que les laïques, ils <.......> en

906.0 1414.0 332.0 66.0 une théorie

577.0 1414.0 2091.0 128.0 outre <........> de gouvernement reposant sur

2381.0 1468.0 293.0 68.0 spirituelle

568.0 1503.0 2100.0 125.0 le double principe de l’obéissance à l’autorité <....>

562.0 1577.0 2106.0 142.0 et à l’autorité temporelle, toutes deux émanées de

562.0 1660.0 2091.0 166.0 Dieu même. A Liège, à Utrecht, à Cambrai, les prélats

544.0 1773.0 2139.0 151.0 excellents que les empereurs chargeaient de l’adminis¬

544.0 1855.0 2136.0 160.0 tration des diocèses, s’efforcèrent durant tout le X^e et

1098.0 1965.0 86.0 71.0 de

542.0 1962.0 2138.0 148.0 le XI^e siècle <..>  maintenir la fidélité au souverain et

547.0 2069.0 2136.0 127.0 la "discipline teutonique" (1). Il semble bien qu’ils aient

536.0 2160.0 2147.0 139.0 remarquablement organisé les institutions domaniales

542.0 2261.0 2147.0 124.0 de leurs terres et que la condition des paysans, sous leur

544.0 2353.0 2121.0 136.0 autorité vigilante et ferme, se soit trouvée <...> singu¬

536.0 2447.0 2156.0 143.0 lièrement favorable. La petite noblesse du pays obéis¬

542.0 2563.0 2076.0 127.0 sait moins facilement, et c’est elle sans doute

550.0 2666.0 2071.0 131.0 qui provoqua à Liège, sous l’évêque Éracle (959-971),

556.0 2767.0 2106.0 124.0 à Cambrai sous l’évêque Engran (956-960) des insurrec¬

550.0 2877.0 2124.0 112.0 tions sur lesquelles nous sommes d’ailleurs très mal

544.0 2968.0 2059.0 128.0 renseignés(2). Il est certain, d’autre part, que les cités

580.0 3096.0 2091.0 124.0 (1) Voy. H. Pirenne. Histoire de Belgique, t. I, 3^e édit.,

571.0 3193.0 409.0 101.0 p. 65 et suiv.

1451.0 3205.0 614.0 101.0 ces mouvement,

577.0 3253.0 2094.0 148.0 (2) On a voulu considérer, sans la moindre preuve <...>

547.0 3365.0 1218.0 101.0 comme des essais de commune.
