2713 3462
2528.0 34.0 118.0 87.0 62

583.0 89.0 2092.0 75.0 nicipal s'est déroulé sans heurts ni conflits avec le

583.0 173.0 2095.0 101.0 prince et s'est achevé bien plus rapidement. Il ne faut

571.0 262.0 2081.0 101.0 attribuer en rien cet état de choses à la race. <.......>

585.0 349.0 2058.0 101.0 Car ce serait une grave erreur de croire que la Flandre

1140.0 429.0 461.0 67.0 présente avec le

580.0 461.0 2066.0 90.0 du moyen âge <.......> pays wallon des bords de la

831.0 513.0 499.0 69.0 le contraste d'une

559.0 539.0 2116.0 98.0 Meuse <........> contrée purement germanique. En

559.0 631.0 2119.0 116.0 réalité, à partir du règne d’Arnould Ier ( 918-965 ) le

854.0 701.0 941.0 75.0 fut durant très longtemps

585.0 750.0 2073.0 86.0 comté <................> une principauté bi¬

2323.0 802.0 317.0 86.0 comprenait

574.0 816.0 2095.0 121.0 lingue. Étendu de l’Escaut à la Canche, il <........>

591.0 926.0 2026.0 98.0 au nord, exactement comme la Belgique moderne,

692.0 989.0 119.0 72.0 un

585.0 1018.0 2067.0 98.0 <..> population de langue néerlandaise, au sud une

571.0 1104.0 2075.0 110.0 population de langue romane. Ce n’est qu’à partir des

577.0 1203.0 2089.0 118.0 conquêtes de Philippe-Auguste, qui lui enleva l’Artois, puis

588.0 1292.0 2052.0 124.0 de Philippe le Bel, auquel il céda les châtellenies de Lille,

580.0 1396.0 2083.0 121.0 de Douai et d’Orchies, qu'il <....................>

1405.0 1477.0 202.0 63.0 ne fut

583.0 1508.0 2086.0 98.0 <.....................> plus peuplé que d’habitants

588.0 1586.0 2075.0 107.0 de race thioise. Mais, avant cette époque, le bourgeois

597.0 1681.0 2078.0 113.0 d’Arras comme le bourgeois de Bruges ou de Gand étaient

585.0 1782.0 2078.0 104.0 également réputés flamands et vivaient sous les

574.0 1881.0 2087.0 100.0 mêmes institutions. Au sud comme au nord de la

597.0 1981.0 2064.0 116.0 frontière linguistique, les constitutions municipales

597.0 2082.0 2072.0 101.0 offraient les mêmes caractères et l’on ne pourrait ci¬

597.0 2186.0 2066.0 101.0 ter de meilleur exemple que la Flandre pour démon¬

574.0 2287.0 2095.0 101.0 trer combien il est vrai <......> que la croissance

591.0 2380.0 2084.0 109.0 des villes est indépendante des particularités ethnogra¬

583.0 2486.0 2063.0 113.0 phiques et s’explique essentiellement par le milieu.¬

1492.0 2558.0 83.0 78.0 ici

675.0 2593.0 2006.0 113.0 Ce milieu leur fut <.................>excep¬

580.0 2697.0 2101.0 110.0 tionnellement favorable. Beaucoup plus encore

597.0 2795.0 2098.0 107.0 que la Meuse, l’Escaut formait une puissante artère

583.0 2902.0 2086.0 104.0 commerciale et le pays présentait encore l’inappré¬

577.0 3000.0 2069.0 101.0 ciable avantage d’être baigné par la mer tout le

571.0 3107.0 2046.0 106.0 long de sa côte occidentale. Le rivage, échancré par

577.0 3190.0 2078.0 113.0 les estuaires de la Canche, de l’Yzer et du Zwin fournis¬

557.0 3288.0 2089.0 110.0 sait d’excellents ports naturels, tandis que le Rhin et
