2713 3552
2567.0 11.0 83.0 74.0 19

568.0 47.0 2112.0 121.0 est d'autant plus nécessaire que sa popula¬

568.0 136.0 2124.0 127.0 tion composée <....... .......... .. ............... .......>

562.0 224.0 2112.0 140.0 <............. .. ...... ........... .. .. ......................>

574.0 304.0 2103.0 142.0 <........ .. ............ ... > ne peut être maintenue

553.0 393.0 2136.0 142.0 dans l'ordre que par une autorité impitoyable. Pour

556.0 479.0 2124.0 148.0 réfréner la brutalité des instincts, des châtiments

568.0 571.0 2094.0 142.0 cruels sont indispensables. Le vieux système des a¬

547.0 657.0 2109.0 162.0 mendes et des compositions ne suffit plus. On doit

571.0 748.0 2085.0 166.0 organiser une sorte d'état de siège, et l'on retrouve

562.0 840.0 2106.0 154.0 dans les plus anciens monuments du droit urbain,

568.0 923.0 2112.0 178.0 des <...> traces significatives de la justice sommai¬

553.0 1018.0 2109.0 186.0 re qui a dû régner de bonne heure au sein des ag¬

574.0 1104.0 2047.0 198.0 glomérations marchandes (1). (.. ... .. ...... ....)

568.0 1219.0 2091.0 195.0 (........ ..... ..... ...... .... ... ....... .....)

562.0 1385.0 533.0 115.0 (..... ..... .......)

586.0 1435.0 2094.0 169.0 (......... .. .. ..... ..... .... .. ..... ... ......)

764.0 1394.0 1531.0 148.0 Il en va du droit civil comme du droit pénal.

562.0 1503.0 2121.0 190.0 (... .. ... .... ...... .. ....... .... ......... .....)

1554.0 1610.0 134.0 59.0 <...>

562.0 1601.0 2103.0 192.0 <..... ......... ......> Comment le groupe mar¬

574.0 1696.0 2073.0 174.0 chand pourrait-il se maintenir et se développer sous

568.0 1784.0 2070.0 187.0 l'empire des coutumes formalistes qui ont suffi jus¬

580.0 1867.0 2073.0 207.0 qu'alors à une population toute rurale ?  <.. .......>

2176.0 1941.0 107.0 77.0 aux

630.0 2036.0 125.0 65.0 a la

562.0 1968.0 2100.0 201.0 <....> procédure naïve et compliquée, aux modes anti¬

580.0 2063.0 2053.0 210.0 ques du gage, du prêt de la saisie <......... ......>

1934.0 2137.0 450.0 80.0 se substitue

556.0 2143.0 2065.0 213.0 <..... ..... ... ...... ... ..... ............>

565.0 2228.0 2085.0 205.0 <..... ..... ... ...... ... ..... ............>

559.0 2332.0 2088.0 186.0 <..... ..... ... ...... ... ..... ............> un droit plus

1649.0 2406.0 912.0 110.0 Par la pratique journalière

565.0 2450.0 2100.0 151.0 simple et plus rapide. <...... ... ......... .. .......>

627.0 2578.0 459.0 65.0 du commerce

568.0 2527.0 2059.0 187.0 <......... ....... .. .....> s'élabore une

574.0 2607.0 2064.0 175.0 coutume nouvelle, <.......> une sorte de com¬

550.0 2696.0 2118.0 190.0 mercial primitif, un jus mercatorum, qui nécessaire¬

559.0 2797.0 2050.0 157.0 ment réagit sur les vieilles coutumes territoriales

1235.0 2909.0 80.0 59.0 en

562.0 2883.0 2050.0 171.0 et, dans le portus, modifie peu à peu <.......>

2028.0 2962.0 477.0 83.0 le caractère.

574.0 3045.0 163.0 77.0 -----

547.0 3066.0 2103.0 190.0 (1) <....... .. ...... ... .... .... .....>

550.0 3173.0 2112.0 154.0 <..... ......... ...... ....... .........

542.0 3261.0 2105.0 163.0 rique la loi de Lynch, phénomène analo¬

562.0 3427.0 175.0 89.0 gue

71.0 263.0 394.0 74.0 mmes venus de

91.0 313.0 436.0 89.0 parts, arrachés à

68.0 375.0 479.0 104.0 milieu social tra¬

62.0 435.0 195.0 118.0 onnel

85.0 3279.0 581.0 133.0 Cf. de nos jours en Amé
