2713 3495
2415.0 66.0 169.0 134.0 73

1022.0 244.0 816.0 152.0 CHAPITRE IV

1360.0 538.0 164.0 59.0 I

673.0 602.0 1996.0 140.0 Le lecteur qui nous aura suivi jusqu’ici aura vu que

568.0 707.0 2112.0 125.0 l’origine des villes médiévales est due essentiellement à une

553.0 809.0 2113.0 117.0 transformation économique. La cité du Moyen Âge se présente

553.0 914.0 2119.0 108.0 aux yeux de l’historien sous une forme beaucoup plus simple

562.0 1013.0 2121.0 111.0 que la cité antique. Dans cette dernière, en effet, on distingue

559.0 1112.0 2107.0 108.0 au premier coup d’œil, à côté de l’action des facteurs éco¬

559.0 1194.0 2107.0 122.0 nomiques, l’action du facteur national et du facteur

533.0 1301.0 2153.0 123.0 religieux. Au contraire, l'organisation du culte et celle de l'É¬

542.0 1398.0 2141.0 113.0 tat, <.....................> de même qu’elles sont bien antérieures

594.0 1479.0 355.0 64.0 au Moyen Âge

556.0 1479.0 2116.0 119.0 <.......................> à l’organisation municipale, en sont

556.0 1564.0 2107.0 128.0 aussi parfaitement distinctes. Si beaucoup de villes ont été

556.0 1677.0 2113.0 122.0 le siège d’un évêché ou celui de quelque institution politique,

556.0 1773.0 2098.0 111.0 ce n’est point là, cependant, une condition essentielle de l’é¬

556.0 1852.0 2119.0 128.0 volution urbaine. Dans les Pays-Bas, tout particulièrement,

556.0 1960.0 2107.0 116.0 la plupart des agglomérations importantes - Gand, Bruges,

559.0 2056.0 2107.0 116.0 Bruxelles, Valenciennes, etc. - n’ont été que des marchés et des

559.0 2146.0 2107.0 128.0 centres industriels. L’activité économique, les besoins éco¬

539.0 2228.0 2133.0 125.0 nomiques <.....................................> s’im¬

1553.0 2315.0 402.0 64.0 institution

553.0 2321.0 2113.0 134.0 posent chez elles à toute la <............> sociale et <........>

550.0 2405.0 2125.0 123.0 <....> lui impriment un caractère particulier. Il est d'un

556.0 2504.0 2104.0 114.0 indispensable, avant de retracer l’histoire de cons¬

562.0 2603.0 2107.0 120.0 titution et d’aborder l’examen des formes spéciales que

565.0 2691.0 2098.0 128.0 le régime démocratique y a revêtues, de décrire ra¬

553.0 2781.0 2113.0 128.0 pidement les traits principaux de l'économie urbaine.

2118.0 2842.0 154.0 61.0 idées

553.0 2871.0 2101.0 114.0 Cela est d’autant plus essentiel que les <.......> que l'on

539.0 2950.0 2156.0 128.0 est accoutumé d'accepter sur ce sujet ne s’appliquent point

559.0 3046.0 2116.0 134.0 sans d’importants correctifs, aux villes de la Belgique <...>.

550.0 3139.0 2125.0 128.0 Nous allons donc nous trouver obligé de modifier, et d’une ma¬

542.0 3224.0 2127.0 134.0 nière assez sensible une théorie qui, fondée sur une ana¬

536.0 3323.0 2130.0 142.0 lyse insuffisante de la vie urbaine, ne réussit point à
