<?xml version="1.0" encoding="UTF-8"?>
<alto xmlns:xsi="http://www.w3.org/2001/XMLSchema-instance"
      xmlns="http://www.loc.gov/standards/alto/ns-v4#"
      xsi:schemaLocation="http://www.loc.gov/standards/alto/ns-v4# http://www.loc.gov/standards/alto/v4/alto-4-2.xsd">
  <Description>
    <MeasurementUnit>pixel</MeasurementUnit>
    <sourceImageInformation>
      <fileName>Image00087.tif</fileName>
    </sourceImageInformation>
  </Description>
  <Tags>
    <OtherTag ID="BT25" LABEL="MainZone" DESCRIPTION="block type MainZone"/><OtherTag ID="BT26" LABEL="MarginTextZone" DESCRIPTION="block type MarginTextZone"/><OtherTag ID="BT27" LABEL="TitlePageZone" DESCRIPTION="block type TitlePageZone"/><OtherTag ID="BT28" LABEL="text" DESCRIPTION="block type text"/><OtherTag ID="BT30" LABEL="NumberingZone" DESCRIPTION="block type NumberingZone"/><OtherTag ID="BT31" LABEL="CustomZone:Numbering" DESCRIPTION="block type CustomZone:Numbering"/>
    <OtherTag ID="LT15" LABEL="DefaultLine" DESCRIPTION="line type DefaultLine"/><OtherTag ID="LT16" LABEL="HeadingLine" DESCRIPTION="line type HeadingLine"/><OtherTag ID="LT17" LABEL="InterlinearLine:addition" DESCRIPTION="line type InterlinearLine:addition"/><OtherTag ID="LT18" LABEL="InterlinearLine:correction" DESCRIPTION="line type InterlinearLine:correction"/><OtherTag ID="LT19" LABEL="default" DESCRIPTION="line type default"/>
  </Tags>
  <Layout>
    <Page WIDTH="4090"
          HEIGHT="5056"
          PHYSICAL_IMG_NR="86"
          ID="eSc_dummypage_">
      <PrintSpace HPOS="0"
                  VPOS="0"
                  WIDTH="4090"
                  HEIGHT="5056">
        <TextBlock HPOS="50"
                   VPOS="158"
                   WIDTH="3155"
                   HEIGHT="4776"
                   ID="eSc_textblock_e939d450"
                   TAGREFS="BT25">
          <Shape><Polygon POINTS="50 4934 126 158 3205 177 3126 535 2200 638 2252 4915"/></Shape>
          <TextLine ID="eSc_line_343969c5"
                    TAGREFS="LT15"
                    BASELINE="2039 258 2178 254" 
                    HPOS="2000"
                    VPOS="193"
                    WIDTH="179"
                    HEIGHT="104">
            <Shape><Polygon POINTS="2000 297 2064 202 2176 193 2179 294"/></Shape>
	    <String CONTENT="4"
                    HPOS="2000"
                    VPOS="193"
                    WIDTH="179"
                    HEIGHT="104"></String>
          </TextLine>
          <TextLine ID="eSc_line_e0cc226c"
                    TAGREFS="LT15"
                    BASELINE="792 491 2153 410 2923 367 3015 351" 
                    HPOS="786"
                    VPOS="272"
                    WIDTH="2237"
                    HEIGHT="269">
            <Shape><Polygon POINTS="792 491 786 410 927 379 988 401 1002 404 1129 429 1151 412 1151 410 1199 384 1227 421 1351 390 1412 376 1415 376 1527 381 1561 407 1905 387 1923 357 1983 345 1994 345 2053 365 2102 370 2168 373 2182 359 2199 345 2210 345 2238 356 2261 367 2286 356 2345 325 2351 325 2396 334 2432 320 2441 320 2522 348 2539 348 2618 331 2650 345 2752 339 2778 339 2783 337 2803 320 2811 320 3001 272 3023 396 3005 398 798 541"/></Shape>
	    <String CONTENT="La circulation monétaire et la monnaie."
                    HPOS="786"
                    VPOS="272"
                    WIDTH="2237"
                    HEIGHT="269"></String>
          </TextLine>
          <TextLine ID="eSc_line_f079defc"
                    TAGREFS="LT15"
                    BASELINE="176 744 890 744 2160 674" 
                    HPOS="171"
                    VPOS="609"
                    WIDTH="1989"
                    HEIGHT="183">
            <Shape><Polygon POINTS="185 771 556 789 559 789 561 789 595 769 626 792 629 792 632 792 634 792 713 789 1126 755 1148 769 1151 769 1154 769 1157 769 1379 761 1382 761 1452 730 1508 744 1511 744 1514 744 1612 727 1710 747 1713 747 1716 747 1719 747 1719 744 1721 744 1733 730 1803 735 1806 735 1809 735 1862 713 1862 710 2157 699 2160 674 2154 640 1980 609 1977 609 1974 609 1896 640 1879 629 1876 629 1873 629 1870 629 1778 648 1747 654 1736 648 1682 623 1679 623 1677 623 1598 626 1595 626 1592 626 1561 654 1547 665 1511 657 1508 657 1505 657 1476 646 1424 676 1373 662 1370 662 1368 662 1365 662 1306 655 1148 674 1146 674 1104 663 1103 693 842 702 800 679 797 679 794 679 696 702 584 676 578 676 575 676 573 676 570 676 491 710 373 682 359 679 263 653 171 685 176 744"/></Shape>
	    <String CONTENT="Le sou d&#x27;or romain réajusté par Cons¬"
                    HPOS="171"
                    VPOS="609"
                    WIDTH="1989"
                    HEIGHT="183"></String>
          </TextLine>
          <TextLine ID="eSc_line_c5c1885c"
                    TAGREFS="LT15"
                    BASELINE="146 839 505 876 820 876 1772 820 2165 811" 
                    HPOS="143"
                    VPOS="747"
                    WIDTH="2022"
                    HEIGHT="165">
            <Shape><Polygon POINTS="146 839 156 880 640 912 643 912 890 904 893 904 929 884 949 901 952 901 955 901 957 901 1140 896 1255 881 1258 881 1261 881 1292 859 1379 887 1382 887 1384 887 1387 887 1491 859 1873 853 1876 853 1946 837 2011 851 2014 851 2165 825 2165 811 2162 778 2098 755 2095 755 2092 755 2005 764 1980 747 1977 747 1974 747 1971 747 1969 747 1966 747 1932 775 1890 769 1887 769 1884 769 1882 769 1868 780 1815 757 1719 786 1719 783 1643 758 1640 758 1637 758 1634 758 1581 786 1553 800 1511 789 1508 789 1505 789 1303 808 1250 792 1216 780 1213 780 1210 780 1207 780 1168 783 1137 817 926 820 882 797 868 792 865 792 862 792 859 792 856 792 848 797 806 823 752 800 750 800 747 800 744 800 741 800 741 803 710 831 643 831 584 803 564 794 561 794 559 794 556 794 530 803 433 796 405 806 398 803 396 803 275 782 167 786 143 825"/></Shape>
	    <String CONTENT="tantin était l&#x27;unité monetaire dans"
                    HPOS="143"
                    VPOS="747"
                    WIDTH="2022"
                    HEIGHT="165"></String>
          </TextLine>
          <TextLine ID="eSc_line_ad6812cc"
                    TAGREFS="LT15"
                    BASELINE="148 955 438 994 764 997 1226 971 1929 932 2174 926" 
                    HPOS="148"
                    VPOS="866"
                    WIDTH="2026"
                    HEIGHT="176">
            <Shape><Polygon POINTS="379 1011 382 1011 418 1030 421 1030 424 1030 426 1030 429 1030 455 1011 491 1039 494 1039 497 1039 564 1042 567 1042 1022 1008 1134 1016 1137 1016 1140 1016 1196 997 1280 1002 1283 1002 1429 980 1550 1002 1553 1002 1563 1014 1623 974 1817 980 1820 980 2174 938 2174 926 2165 873 2027 866 1994 876 1991 876 1988 876 1986 876 1983 876 1977 879 1943 896 1769 893 1766 893 1764 893 1707 910 1634 890 1632 890 1629 890 1533 910 1494 893 1485 890 1483 890 1480 890 1477 890 1466 893 1390 926 1233 935 1193 921 1191 921 1188 921 1185 921 1112 940 1022 932 1019 932 634 960 559 924 553 921 550 921 547 921 544 921 536 924 471 946 443 926 441 924 438 924 435 924 432 924 178 898 148 955 161 978"/></Shape>
	    <String CONTENT="tout l&#x27;Empire au moment des invasions."
                    HPOS="148"
                    VPOS="866"
                    WIDTH="2026"
                    HEIGHT="176"
                    WC="0.963240163890939"></String>
          </TextLine>
          <TextLine ID="eSc_line_1d23ba09"
                    TAGREFS="LT15"
                    BASELINE="137 1033 353 1091 721 1098 1311 1072 2151 1014" 
                    HPOS="155"
                    VPOS="969"
                    WIDTH="1996"
                    HEIGHT="185">
            <Shape><Polygon POINTS="247 1130 278 1154 280 1154 283 1154 286 1154 286 1151 308 1131 311 1126 407 1123 421 1126 497 1146 500 1146 502 1146 629 1143 632 1143 634 1143 634 1140 660 1120 730 1140 733 1140 735 1140 738 1140 811 1117 926 1129 929 1129 932 1129 994 1106 1120 1129 1225 1130 1325 1120 1328 1120 1384 1101 1525 1103 1528 1103 1530 1103 1581 1081 1651 1087 1654 1087 1823 1056 1890 1070 1893 1070 1896 1070 1960 1050 1988 1070 1991 1070 1994 1070 1997 1072 1997 1070 2000 1070 2002 1070 2042 1042 2151 1036 2151 1014 2148 977 1997 969 1994 969 1991 969 1988 969 1966 983 1943 997 1924 985 1924 983 1921 983 1918 983 1915 983 1901 985 1848 997 1806 988 1736 974 1733 974 1730 974 1727 974 1696 994 1671 1008 1632 994 1613 1001 1606 1006 1592 1000 1575 1018 1563 1030 1545 1035 1536 1019 1494 1019 1469 1002 1455 991 1452 991 1449 991 1446 991 1443 991 1441 991 1441 994 1429 1002 1410 1025 1154 1034 1067 1016 1039 1008 1036 1008 1033 1008 1030 1008 971 1024 949 1047 727 1044 724 1044 721 1044 679 1064 523 1047 449 1039 443 1039 441 1039 352 1045 168 993 155 1023 155 1091"/></Shape>
	    <String CONTENT="Ce système monétaire que les barbares con¬"
                    HPOS="155"
                    VPOS="969"
                    WIDTH="1996"
                    HEIGHT="185"></String>
          </TextLine>
          <TextLine ID="eSc_line_043da12e"
                    TAGREFS="LT15"
                    BASELINE="162 1162 432 1196 828 1199 2168 1115" 
                    HPOS="149"
                    VPOS="1053"
                    WIDTH="2019"
                    HEIGHT="196">
            <Shape><Polygon POINTS="2146 1053 2143 1053 2140 1053 2137 1053 2059 1056 2056 1056 2053 1056 2036 1072 2002 1058 2000 1058 1997 1058 1901 1081 1817 1101 1772 1087 1736 1072 1733 1072 1730 1072 1727 1072 1724 1072 1724 1075 1707 1089 1691 1103 1547 1101 1544 1101 1542 1101 1485 1120 1463 1101 1460 1101 1457 1101 1424 1101 1401 1101 1398 1101 1393 1101 1264 1132 1244 1131 1217 1135 1189 1140 1174 1144 1169 1144 1148 1140 1106 1140 1061 1115 1056 1109 1053 1109 1050 1109 1047 1109 1044 1109 1042 1109 1036 1115 1002 1143 938 1129 935 1129 932 1129 929 1129 904 1151 823 1154 752 1129 750 1129 747 1129 744 1129 741 1129 699 1160 654 1160 623 1146 620 1146 617 1146 519 1162 471 1143 312 1134 276 1152 149 1124 162 1162 151 1200 390 1224 634 1249 637 1249 640 1249 643 1249 671 1233 713 1247 716 1247 719 1247 977 1219 1139 1246 1194 1205 1235 1219 1292 1196 1382 1213 1384 1213 1387 1213 1438 1188 1488 1207 1491 1207 1494 1207 1505 1199 1575 1188 1640 1193 1643 1193 1646 1193 1648 1193 1682 1171 1893 1171 1893 1168 1896 1168 1943 1146 2165 1129 2168 1115 2162 1064"/></Shape>
	    <String CONTENT="naissaient depuis longtemps par leurs sub¬"
                    HPOS="149"
                    VPOS="1053"
                    WIDTH="2019"
                    HEIGHT="196"></String>
          </TextLine>
          <TextLine ID="eSc_line_5e0c2ded"
                    TAGREFS="LT15"
                    BASELINE="143 1261 367 1294 766 1300 1309 1275 2171 1205" 
                    HPOS="143"
                    VPOS="1154"
                    WIDTH="2028"
                    HEIGHT="215">
            <Shape><Polygon POINTS="342 1322 345 1322 438 1337 441 1337 443 1337 471 1322 539 1359 542 1359 573 1369 797 1328 848 1345 851 1345 853 1345 856 1345 924 1320 938 1334 941 1334 943 1334 946 1334 1185 1349 1469 1280 1620 1300 1623 1300 1626 1300 1736 1261 1912 1266 1915 1266 1918 1266 1997 1235 2171 1224 2171 1205 2168 1165 2112 1154 2109 1154 2106 1154 2061 1168 2022 1182 2005 1171 2000 1165 1997 1165 1991 1165 1896 1165 1893 1165 1890 1165 1887 1165 1887 1168 1876 1176 1859 1193 1772 1196 1744 1182 1719 1168 1716 1168 1713 1168 1710 1168 1707 1168 1685 1185 1648 1210 1536 1210 1521 1216 1504 1208 1486 1215 1479 1220 1476 1225 1456 1224 1443 1218 1379 1232 1297 1190 1294 1190 1292 1190 1289 1190 1289 1193 1278 1202 1250 1227 1169 1226 1138 1255 1121 1249 1107 1254 1102 1255 1086 1254 1074 1234 1059 1219 1056 1219 1053 1219 1050 1219 1002 1244 899 1242 846 1249 824 1256 798 1250 773 1263 750 1272 715 1270 703 1271 617 1264 488 1264 452 1235 449 1235 446 1235 443 1235 441 1235 432 1238 376 1255 182 1208 143 1261 162 1304"/></Shape>
	    <String CONTENT="sides ils se gardèrent d&#x27;e toucher. Dans aucun"
                    HPOS="143"
                    VPOS="1154"
                    WIDTH="2028"
                    HEIGHT="215"></String>
          </TextLine>
          <TextLine ID="eSc_line_97bbf702"
                    TAGREFS="LT15"
                    BASELINE="136 1363 247 1379 411 1421 413 1422 814 1398 2210 1311" 
                    HPOS="146"
                    VPOS="1254"
                    WIDTH="2064"
                    HEIGHT="215">
            <Shape><Polygon POINTS="308 1440 353 1469 356 1469 359 1469 362 1469 365 1469 477 1432 721 1452 724 1452 727 1452 730 1452 780 1421 870 1443 873 1443 876 1443 879 1443 983 1418 1134 1429 1137 1429 1140 1429 1216 1404 1387 1404 1390 1404 1393 1404 1396 1404 1421 1381 1469 1398 1471 1398 1474 1398 1643 1376 1752 1399 1799 1401 1832 1392 1882 1362 2210 1337 2210 1311 2199 1264 2171 1280 2126 1266 2103 1261 2101 1261 2098 1261 2095 1261 2069 1269 2024 1254 1991 1275 1988 1275 1986 1275 1983 1275 1980 1275 1980 1278 1963 1292 1946 1274 1921 1266 1918 1266 1828 1304 1787 1395 1776 1387 1783 1318 1736 1286 1691 1308 1556 1294 1525 1292 1522 1292 1519 1292 1508 1297 1433 1313 1186 1353 794 1331 786 1328 783 1328 780 1328 778 1328 775 1328 772 1331 585 1382 180 1326 146 1348 169 1410"/></Shape>
	    <String CONTENT="des pays occupés par eux on n&#x27;observe le moindre"
                    HPOS="146"
                    VPOS="1254"
                    WIDTH="2064"
                    HEIGHT="215"></String>
          </TextLine>
          <TextLine ID="eSc_line_8c0ce887"
                    TAGREFS="LT15"
                    BASELINE="158 1472 220 1482 384 1508 660 1513 2191 1429" 
                    HPOS="154"
                    VPOS="1362"
                    WIDTH="2037"
                    HEIGHT="208">
            <Shape><Polygon POINTS="275 1538 354 1563 379 1570 382 1570 455 1550 601 1558 603 1558 606 1558 609 1558 626 1544 713 1553 716 1553 817 1533 1174 1533 1174 1530 1446 1494 1528 1513 1530 1513 1533 1513 1536 1513 1657 1474 1660 1474 1668 1474 1859 1485 1862 1485 1865 1485 1921 1460 2030 1457 2078 1485 2081 1485 2084 1485 2087 1485 2089 1485 2092 1485 2132 1452 2132 1449 2191 1446 2191 1429 2185 1373 2101 1362 2098 1362 2095 1362 2064 1376 2019 1401 1986 1381 1971 1370 1969 1370 1966 1370 1963 1370 1868 1373 1865 1373 1862 1373 1842 1387 1806 1410 1595 1404 1592 1404 1589 1404 1392 1410 1179 1442 1149 1446 1143 1429 1140 1429 1008 1452 926 1432 924 1432 921 1432 918 1432 915 1432 887 1455 794 1438 792 1438 789 1438 704 1469 671 1443 668 1443 665 1443 662 1443 660 1443 620 1471 391 1482 171 1432 154 1480 164 1519"/></Shape>
	    <String CONTENT="changement. Bien plus même, ce sont les ef¬"
                    HPOS="154"
                    VPOS="1362"
                    WIDTH="2037"
                    HEIGHT="208"></String>
          </TextLine>
          <TextLine ID="eSc_line_37d7cb8e"
                    TAGREFS="LT15"
                    BASELINE="160 1603 455 1624 750 1626 2134 1550" 
                    HPOS="160"
                    VPOS="1502"
                    WIDTH="1974"
                    HEIGHT="183">
            <Shape><Polygon POINTS="193 1610 212 1631 224 1664 273 1649 302 1649 320 1654 398 1648 575 1676 578 1676 729 1685 890 1640 985 1660 988 1660 1066 1680 1118 1654 1238 1617 1359 1637 1362 1637 1365 1637 1421 1609 1525 1609 1587 1631 1589 1631 1592 1631 1595 1631 1598 1631 1660 1589 1837 1584 1941 1609 1943 1609 1946 1609 1949 1609 1952 1609 1952 1606 1988 1572 2132 1564 2134 1550 2126 1505 1957 1516 1946 1511 1935 1502 1932 1502 1929 1502 1927 1502 1865 1513 1761 1533 1648 1522 1615 1519 1612 1519 1559 1525 1373 1550 1309 1536 1275 1528 1272 1528 1269 1528 1250 1536 1199 1561 1132 1553 1129 1553 1126 1553 1123 1553 1101 1570 691 1587 615 1575 612 1575 609 1575 550 1592 471 1572 469 1572 466 1572 387 1589 353 1570 351 1570 348 1570 345 1570 342 1570 339 1570 339 1572 295 1577 195 1528 160 1603 161 1617"/></Shape>
	    <String CONTENT="figies des empereurs que les rois germaniques"
                    HPOS="160"
                    VPOS="1502"
                    WIDTH="1974"
                    HEIGHT="183"></String>
          </TextLine>
          <TextLine ID="eSc_line_034fd5b3"
                    TAGREFS="LT15"
                    BASELINE="153 1677 306 1721 626 1738 777 1731 1199 1712 1388 1696" 
                    HPOS="119"
                    VPOS="1610"
                    WIDTH="1290"
                    HEIGHT="176">
            <Shape><Polygon POINTS="401 1758 542 1786 544 1786 682 1775 685 1775 688 1775 713 1755 974 1761 977 1761 980 1761 1042 1738 1069 1736 1125 1743 1154 1748 1185 1744 1216 1748 1238 1746 1260 1744 1284 1742 1306 1745 1335 1752 1341 1748 1348 1747 1354 1747 1363 1745 1369 1746 1371 1744 1386 1749 1388 1751 1401 1750 1409 1753 1409 1746 1406 1740 1406 1735 1401 1723 1397 1718 1394 1701 1395 1688 1390 1675 1387 1658 1379 1646 1374 1644 1369 1648 1365 1665 1358 1672 1349 1678 1338 1673 1314 1676 1296 1661 1283 1655 1265 1654 1253 1658 1237 1666 1226 1672 1213 1677 1198 1675 1186 1680 1175 1682 1156 1682 1135 1695 1110 1690 1094 1691 1066 1695 1049 1694 1014 1687 992 1694 974 1696 952 1701 939 1702 887 1688 893 1687 862 1668 859 1668 778 1688 235 1672 176 1610 119 1728"/></Shape>
	    <String CONTENT="imposent à leur monnaie."
                    HPOS="119"
                    VPOS="1610"
                    WIDTH="1290"
                    HEIGHT="176"></String>
          </TextLine>
          <TextLine ID="eSc_line_f7479f90"
                    TAGREFS="LT15"
                    BASELINE="174 2053 466 2075 755 2075 1311 2044 1884 1988 2193 1974" 
                    HPOS="160"
                    VPOS="1918"
                    WIDTH="2033"
                    HEIGHT="221">
            <Shape><Polygon POINTS="160 2095 334 2098 337 2098 367 2115 370 2115 373 2115 376 2115 404 2101 506 2110 662 2124 734 2139 907 2095 974 2103 977 2103 980 2103 1039 2084 1075 2098 1078 2098 1081 2098 1084 2098 1151 2072 1207 2084 1210 2084 1213 2084 1216 2084 1233 2070 1258 2087 1261 2087 1264 2087 1266 2087 1359 2067 1514 2075 1516 2075 1519 2075 1522 2075 1575 2039 1671 2058 1674 2058 1677 2058 1679 2058 1736 2025 1738 2025 1750 2025 1904 2030 1907 2030 2193 1999 2193 1974 2191 1938 2098 1918 2095 1918 2092 1918 2025 1935 1884 1929 1882 1929 1879 1929 1876 1929 1851 1949 1842 1954 1811 1952 1755 1946 1752 1946 1750 1946 1716 1954 1674 1969 1651 1957 1618 1943 1615 1943 1612 1943 1609 1943 1606 1943 1578 1960 1542 1983 1451 1946 1221 2005 1162 1977 1154 1974 1151 1974 1148 1974 1146 1974 1143 1974 1143 1977 1140 1980 1106 2008 1022 1985 1019 1985 1016 1985 1014 1985 1011 1985 963 2019 884 2011 882 2011 752 2030 717 2030 692 2024 662 2018 646 2018 640 2027 626 2038 608 2045 589 2039 463 2019 460 2019 457 2019 412 2039 297 2013 230 2030 209 1997 179 1973 162 2049"/></Shape>
	    <String CONTENT="Il n&#x27;est rien qui atteste mieux la persistance"
                    HPOS="160"
                    VPOS="1918"
                    WIDTH="2033"
                    HEIGHT="221"></String>
          </TextLine>
          <TextLine ID="eSc_line_3f993634"
                    TAGREFS="LT15"
                    BASELINE="162 2151 311 2182 693 2188 1362 2151 2148 2087" 
                    HPOS="145"
                    VPOS="2022"
                    WIDTH="2003"
                    HEIGHT="219">
            <Shape><Polygon POINTS="244 2179 337 2213 342 2213 502 2241 505 2241 839 2207 898 2216 901 2216 904 2216 907 2216 938 2193 966 2213 969 2213 971 2213 1015 2226 1073 2210 1075 2210 1188 2176 1247 2199 1250 2199 1252 2199 1379 2171 1424 2190 1427 2190 1429 2190 1432 2190 1435 2190 1455 2174 1530 2185 1533 2185 1536 2185 1648 2143 1834 2151 2021 2116 2148 2109 2148 2087 2143 2042 2078 2022 2075 2022 2073 2022 2070 2022 2008 2047 1980 2028 1977 2028 1974 2028 1971 2028 1969 2028 1915 2043 1887 2067 1868 2056 1839 2036 1837 2036 1834 2036 1831 2036 1772 2039 1769 2039 1766 2039 1735 2056 1693 2077 1620 2072 1618 2072 1615 2072 1508 2101 1452 2072 1438 2067 1435 2067 1373 2064 1370 2064 1368 2064 1365 2064 1348 2078 1309 2106 1266 2095 1264 2095 1261 2095 1258 2095 1255 2095 1227 2117 1053 2126 1008 2095 1005 2095 1002 2095 1000 2095 997 2095 994 2095 952 2134 654 2148 623 2137 623 2129 569 2124 540 2138 485 2120 483 2120 480 2120 477 2120 474 2120 429 2151 323 2123 314 2120 311 2120 308 2120 187 2100 145 2144 172 2184"/></Shape>
	    <String CONTENT="de l&#x27;unité économique de l&#x27;Empire Il étaits"
                    HPOS="145"
                    VPOS="2022"
                    WIDTH="2003"
                    HEIGHT="219"></String>
          </TextLine>
          <TextLine ID="eSc_line_0fa7fb5a"
                    TAGREFS="LT15"
                    BASELINE="152 2254 491 2310 546 2306 792 2289 1007 2272 1205 2257 2157 2182" 
                    HPOS="148"
                    VPOS="2118"
                    WIDTH="2009"
                    HEIGHT="233">
            <Shape><Polygon POINTS="2070 2118 1943 2137 1941 2137 1938 2137 1910 2154 1896 2162 1870 2157 1820 2145 1817 2145 1814 2145 1761 2162 1738 2171 1727 2165 1705 2154 1702 2154 1699 2154 1696 2154 1693 2154 1674 2168 1648 2185 1553 2174 1483 2168 1480 2168 1477 2168 1474 2168 1460 2179 1435 2199 1373 2188 1370 2188 1368 2188 1365 2188 1342 2207 974 2230 941 2219 938 2219 935 2219 932 2219 901 2233 809 2219 806 2219 803 2219 800 2219 761 2244 719 2227 716 2227 713 2227 710 2227 646 2252 553 2252 519 2233 516 2233 514 2233 511 2233 508 2233 442 2247 182 2199 148 2271 258 2300 271 2327 410 2329 525 2339 587 2339 589 2339 592 2339 655 2321 679 2351 742 2332 764 2328 766 2328 769 2328 839 2314 910 2300 921 2308 926 2314 929 2314 932 2314 935 2314 1278 2294 1280 2294 1314 2278 1325 2272 1342 2275 1401 2286 1404 2286 1407 2286 1483 2263 1508 2258 1539 2261 1654 2276 1671 2269 1769 2241 1778 2241 1789 2241 1941 2244 1943 2244 1946 2244 1949 2244 1969 2227 1974 2221 2157 2210 2157 2182 2151 2143"/></Shape>
	    <String CONTENT="impossible de lui enlever le bienfait de l&#x27;u¬"
                    HPOS="148"
                    VPOS="2118"
                    WIDTH="2009"
                    HEIGHT="233"></String>
          </TextLine>
          <TextLine ID="eSc_line_9c349092"
                    TAGREFS="LT15"
                    BASELINE="153 2338 416 2409 417 2409 834 2390 1904 2303 2188 2289" 
                    HPOS="120"
                    VPOS="2233"
                    WIDTH="2068"
                    HEIGHT="207">
            <Shape><Polygon POINTS="279 2426 598 2440 601 2440 603 2440 800 2410 943 2418 965 2424 1127 2416 1224 2395 1227 2395 1250 2379 1272 2395 1275 2395 1278 2395 1280 2395 1429 2362 1474 2373 1477 2373 1480 2373 1657 2348 1730 2365 1733 2365 1736 2365 1898 2328 1904 2328 1907 2328 1941 2345 1943 2345 1946 2345 1949 2345 2014 2322 2056 2331 2059 2331 2185 2308 2188 2289 2182 2247 2168 2238 2165 2238 2162 2238 2160 2238 2157 2238 2157 2241 2143 2252 2143 2255 2137 2252 2087 2233 2084 2233 2081 2233 1960 2261 1929 2269 1918 2263 1890 2249 1887 2249 1884 2249 1792 2272 1772 2275 1769 2272 1744 2255 1741 2255 1738 2255 1736 2255 1733 2255 1679 2278 1657 2286 1629 2280 1570 2266 1567 2266 1564 2266 1561 2266 1539 2283 1530 2292 1519 2286 1491 2272 1488 2272 1485 2272 1483 2272 1480 2272 1452 2289 1358 2291 1073 2328 1050 2311 1042 2303 1039 2303 1036 2303 1033 2303 988 2306 985 2306 966 2314 926 2336 741 2336 738 2336 735 2336 733 2336 733 2339 721 2348 711 2364 680 2351 651 2365 638 2361 647 2349 649 2333 646 2328 635 2325 278 2342 226 2288 120 2348"/></Shape>
	    <String CONTENT="nité monétaire. Jusqu&#x27;au Cataclysme con¬"
                    HPOS="120"
                    VPOS="2233"
                    WIDTH="2068"
                    HEIGHT="207"></String>
          </TextLine>
          <TextLine ID="eSc_line_5ced180a"
                    TAGREFS="LT15"
                    BASELINE="179 2454 370 2499 710 2499 2216 2390" 
                    HPOS="161"
                    VPOS="2339"
                    WIDTH="2055"
                    HEIGHT="217">
            <Shape><Polygon POINTS="283 2530 323 2553 325 2553 328 2553 331 2553 369 2524 407 2522 508 2556 511 2556 514 2556 516 2556 578 2536 747 2544 750 2544 932 2508 957 2525 960 2525 963 2525 966 2525 1095 2499 1134 2519 1137 2519 1140 2519 1227 2513 1230 2513 1266 2494 1418 2485 1421 2485 1424 2485 1424 2483 1446 2460 1514 2485 1516 2485 1519 2485 1522 2485 1671 2449 1834 2474 1837 2474 1839 2474 1842 2474 1896 2440 1971 2452 1974 2452 1977 2452 1980 2452 2016 2426 2213 2404 2216 2390 2213 2351 2191 2339 2188 2339 2185 2339 2182 2339 2028 2348 1912 2370 1898 2373 1890 2373 1842 2356 1839 2356 1837 2356 1741 2379 1660 2398 1589 2387 1500 2370 1497 2370 1494 2370 1446 2393 1359 2391 1123 2432 1081 2410 1073 2407 1070 2407 1067 2407 1064 2407 1053 2412 977 2440 876 2418 851 2415 848 2415 845 2415 842 2415 837 2421 800 2454 707 2460 615 2440 612 2440 488 2466 187 2403 179 2454 161 2489"/></Shape>
	    <String CONTENT="temporain des Carolingiens l Orient grec com¬"
                    HPOS="161"
                    VPOS="2339"
                    WIDTH="2055"
                    HEIGHT="217"></String>
          </TextLine>
          <TextLine ID="eSc_line_95b257af"
                    TAGREFS="LT15"
                    BASELINE="158 2548 326 2584 460 2603 792 2598 2233 2480" 
                    HPOS="154"
                    VPOS="2426"
                    WIDTH="2079"
                    HEIGHT="228">
            <Shape><Polygon POINTS="384 2631 396 2631 542 2654 544 2654 871 2612 983 2626 1026 2640 1179 2592 1292 2603 1294 2603 1297 2603 1300 2603 1339 2575 1365 2586 1368 2586 1370 2586 1373 2586 1435 2564 1561 2584 1564 2584 1721 2544 2233 2508 2233 2480 2224 2443 2103 2446 2073 2426 2070 2426 2067 2426 2064 2426 2061 2426 1986 2454 1945 2460 1907 2460 1887 2454 1884 2454 1882 2454 1879 2454 1876 2454 1865 2463 1845 2477 1724 2488 1674 2474 1623 2457 1620 2457 1618 2457 1615 2457 1612 2457 1581 2480 1547 2499 1519 2483 1502 2471 1500 2471 1497 2471 1494 2471 1491 2471 1488 2471 1474 2485 1449 2505 957 2544 839 2522 811 2516 809 2516 754 2572 690 2576 676 2561 660 2542 657 2542 654 2542 651 2542 648 2542 599 2553 474 2542 466 2542 390 2529 300 2553 154 2513 165 2593"/></Shape>
	    <String CONTENT="me l&#x27;Occident conquis par les Germains com¬"
                    HPOS="154"
                    VPOS="2426"
                    WIDTH="2079"
                    HEIGHT="228"></String>
          </TextLine>
          <TextLine ID="eSc_line_971fd00c"
                    TAGREFS="LT15"
                    BASELINE="160 2662 306 2690 469 2702 797 2699 1842 2598 2205 2575" 
                    HPOS="153"
                    VPOS="2513"
                    WIDTH="2052"
                    HEIGHT="236">
            <Shape><Polygon POINTS="384 2730 401 2730 581 2749 584 2749 912 2724 915 2724 918 2724 946 2704 980 2719 983 2719 985 2719 988 2719 1059 2696 1356 2685 1497 2660 1570 2648 1592 2654 1609 2660 1612 2660 1615 2660 1618 2660 1620 2660 1629 2651 1648 2640 1758 2643 1761 2643 1764 2643 1766 2643 1814 2620 2070 2620 2070 2617 2073 2617 2075 2617 2075 2615 2095 2598 2202 2615 2205 2575 2196 2539 2084 2539 2019 2513 2016 2513 2014 2513 2011 2513 1882 2547 1814 2530 1811 2530 1809 2530 1806 2530 1736 2564 1724 2570 1679 2570 1656 2577 1624 2589 1598 2589 1505 2592 1469 2581 1412 2561 1410 2561 1407 2561 1404 2561 1401 2561 1362 2586 1325 2609 1300 2614 1280 2613 1258 2623 1247 2629 1243 2619 1232 2621 1217 2624 1205 2630 1126 2626 1053 2634 1015 2655 837 2648 747 2637 744 2637 741 2637 693 2660 626 2645 623 2645 620 2645 617 2645 587 2665 514 2662 483 2640 480 2637 477 2637 474 2637 471 2637 376 2643 373 2643 370 2643 370 2645 367 2645 353 2660 153 2613 160 2662 174 2713"/></Shape>
	    <String CONTENT="uniérent donc dans le Monométallisme"
                    HPOS="153"
                    VPOS="2513"
                    WIDTH="2052"
                    HEIGHT="236"></String>
          </TextLine>
          <TextLine ID="eSc_line_7b0ed2e1"
                    TAGREFS="LT15"
                    BASELINE="148 2753 405 2814 744 2803 2177 2696" 
                    HPOS="135"
                    VPOS="2640"
                    WIDTH="2042"
                    HEIGHT="208">
            <Shape><Polygon POINTS="2126 2640 2123 2640 2120 2640 2118 2640 2115 2640 2115 2643 2112 2643 2101 2657 2101 2660 1997 2665 1991 2662 1971 2648 1969 2648 1966 2648 1963 2648 1960 2648 1912 2662 1842 2651 1839 2651 1837 2651 1794 2674 1786 2679 1556 2696 1542 2688 1522 2674 1519 2674 1516 2674 1514 2674 1418 2682 1415 2682 1412 2682 1412 2685 1398 2696 1393 2702 1384 2696 1362 2685 1359 2685 1356 2685 1353 2685 1323 2702 1297 2713 1272 2704 1266 2702 1264 2702 1261 2702 1238 2704 1146 2724 1084 2713 1042 2707 1039 2707 1036 2707 1033 2707 1022 2716 1008 2730 907 2741 851 2727 831 2721 828 2721 825 2721 823 2721 797 2730 738 2749 719 2735 713 2730 710 2730 707 2730 705 2730 702 2730 685 2735 623 2761 218 2730 177 2725 135 2807 263 2844 519 2845 587 2848 589 2848 862 2817 932 2811 952 2811 1050 2814 1053 2814 1056 2814 1059 2814 1073 2803 1084 2794 1106 2800 1154 2808 1157 2808 1160 2808 1188 2792 1202 2786 1210 2792 1233 2803 1235 2803 1238 2803 1241 2803 1275 2786 1286 2780 1309 2783 1356 2792 1359 2792 1446 2772 1457 2772 1477 2772 1724 2772 1724 2769 1727 2769 1786 2747 1862 2741 1966 2733 1969 2733 1997 2744 2000 2744 2002 2744 2174 2716 2177 2696 2171 2651"/></Shape>
	    <String CONTENT="or qui avait été celui de l&#x27;Empire. Les navi¬"
                    HPOS="135"
                    VPOS="2640"
                    WIDTH="2042"
                    HEIGHT="208"></String>
          </TextLine>
          <TextLine ID="eSc_line_b7ef7737"
                    TAGREFS="LT15"
                    BASELINE="157 2895 460 2912 817 2910 2196 2806" 
                    HPOS="157"
                    VPOS="2738"
                    WIDTH="2039"
                    HEIGHT="239">
            <Shape><Polygon POINTS="390 2940 401 2943 494 2977 497 2977 500 2977 606 2957 620 2968 623 2968 626 2968 629 2968 632 2968 634 2968 676 2943 842 2952 845 2952 957 2932 960 2932 963 2932 963 2929 980 2912 985 2910 1019 2912 1227 2929 1230 2929 1328 2921 1331 2921 1334 2921 1365 2895 1634 2895 1634 2893 1637 2893 1674 2879 1682 2876 1688 2879 1713 2887 1716 2887 1719 2887 1721 2887 1724 2887 1724 2884 1736 2876 1747 2867 1783 2873 1792 2873 1794 2873 1797 2873 1803 2873 1882 2848 1946 2865 1991 2876 1994 2876 1997 2876 2000 2876 2033 2859 2089 2834 2193 2851 2196 2806 2188 2738 2092 2741 2089 2741 2087 2741 2084 2744 2056 2763 1935 2758 1932 2758 1929 2758 1856 2794 1705 2766 1691 2766 1688 2766 1685 2766 1679 2769 1629 2797 1578 2783 1575 2783 1573 2783 1570 2783 1508 2817 1457 2808 1455 2808 1250 2834 1230 2820 1227 2820 1224 2820 1221 2820 1219 2820 1185 2836 1140 2814 1137 2814 1134 2814 1132 2814 1069 2815 1033 2825 1030 2825 1028 2825 1025 2825 974 2853 747 2870 617 2870 564 2842 561 2842 559 2842 556 2842 553 2842 553 2845 528 2870 452 2873 285 2849 176 2843 157 2867 157 2895 165 2922"/></Shape>
	    <String CONTENT="gateurs Syriens en débarquant dans les ports"
                    HPOS="157"
                    VPOS="2738"
                    WIDTH="2039"
                    HEIGHT="239"></String>
          </TextLine>
          <TextLine ID="eSc_line_fbad8438"
                    TAGREFS="LT15"
                    BASELINE="179 2997 415 3027 716 3033 2272 2935" 
                    HPOS="159"
                    VPOS="2876"
                    WIDTH="2113"
                    HEIGHT="213">
            <Shape><Polygon POINTS="485 3064 575 3089 578 3089 581 3089 691 3064 820 3070 823 3070 825 3070 828 3070 845 3056 862 3070 865 3070 868 3070 870 3070 873 3070 946 3044 1005 3061 1008 3061 1011 3061 1014 3061 1087 3036 1179 3056 1182 3056 1233 3078 1280 3050 1283 3050 1323 3025 1432 3033 1435 3033 1438 3033 1480 3013 1485 3011 1491 3013 1522 3030 1525 3030 1528 3030 1682 3005 1716 2999 1730 3002 1766 3013 1769 3013 1772 3013 1887 2997 2073 2966 2272 2977 2272 2935 2266 2893 2168 2904 2151 2895 2123 2881 2120 2881 2118 2881 2115 2881 2112 2881 2092 2898 2084 2907 2067 2898 2011 2876 2008 2876 2005 2876 2002 2876 2000 2876 1969 2901 1915 2893 1912 2893 1910 2893 1907 2893 1890 2907 1868 2924 1853 2912 1851 2912 1848 2912 1845 2912 1764 2926 1730 2912 1727 2912 1724 2912 1721 2912 1710 2912 1589 2943 1505 2921 1449 2907 1446 2907 1443 2907 1441 2907 1438 2907 1410 2926 1365 2954 1202 2952 1199 2952 1084 2971 1005 2960 1002 2960 1000 2960 997 2960 983 2974 946 2960 943 2960 941 2960 938 2960 849 2961 778 2963 775 2963 772 2963 769 2963 766 2963 735 2983 660 2954 646 2952 643 2952 640 2952 637 2952 566 3003 522 2994 494 2971 491 2971 488 2971 485 2971 182 2937 159 2992 191 3025"/></Shape>
	    <String CONTENT="de la mer Tyrrhénienne y retrouvaient les mon¬"
                    HPOS="159"
                    VPOS="2876"
                    WIDTH="2113"
                    HEIGHT="213"></String>
          </TextLine>
          <TextLine ID="eSc_line_a4257a14"
                    TAGREFS="LT15"
                    BASELINE="155 3080 437 3140 865 3145 2205 3070" 
                    HPOS="145"
                    VPOS="3002"
                    WIDTH="2060"
                    HEIGHT="227">
            <Shape><Polygon POINTS="2165 3002 2162 3002 2160 3002 2157 3002 2151 3008 2123 3030 2098 3011 2092 3005 2089 3005 2087 3005 2084 3005 2053 3008 2050 3008 2033 3013 1971 3039 1839 3022 1806 3019 1803 3019 1800 3019 1797 3019 1797 3022 1792 3025 1764 3053 1662 3056 1626 3039 1623 3039 1620 3039 1618 3039 1567 3067 1502 3067 1443 3039 1432 3036 1429 3036 1427 3036 1424 3036 1421 3036 1412 3042 1356 3075 1323 3058 1320 3058 1317 3058 1314 3058 1213 3093 1160 3064 1157 3064 1154 3064 1067 3089 1030 3067 1028 3067 1025 3067 1022 3067 1019 3067 1016 3067 971 3095 893 3098 842 3067 839 3067 837 3067 834 3067 831 3067 758 3106 600 3111 159 3045 145 3088 205 3128 494 3179 550 3186 569 3195 587 3222 620 3229 693 3202 696 3202 699 3202 738 3174 853 3188 856 3188 859 3188 862 3188 862 3185 873 3174 893 3185 896 3185 898 3185 1061 3160 1132 3182 1134 3182 1137 3182 1275 3148 1292 3145 1306 3148 1418 3165 1421 3165 1502 3160 1505 3160 1508 3160 1530 3140 1550 3148 1553 3148 1556 3148 1559 3148 1561 3148 1561 3145 1570 3140 1575 3131 1592 3137 1603 3143 1606 3143 1609 3143 1612 3143 1626 3137 1662 3123 1693 3134 1713 3143 1716 3143 1719 3143 1786 3131 1932 3106 1955 3123 1957 3123 1960 3123 1963 3123 1966 3123 2022 3101 2073 3123 2098 3134 2101 3134 2103 3134 2205 3117 2205 3070 2196 3008"/></Shape>
	    <String CONTENT="naies auxquelles ils étaient accoutumé ds"
                    HPOS="145"
                    VPOS="3002"
                    WIDTH="2060"
                    HEIGHT="227"></String>
          </TextLine>
          <TextLine ID="eSc_line_aedfe424"
                    TAGREFS="LT15"
                    BASELINE="152 3191 382 3259 428 3273 459 3272 654 3269" 
                    HPOS="144"
                    VPOS="3133"
                    WIDTH="510"
                    HEIGHT="210">
            <Shape><Polygon POINTS="235 3269 334 3269 359 3277 493 3343 516 3334 519 3334 648 3300 654 3269 651 3233 598 3233 565 3227 561 3199 561 3196 559 3196 556 3196 502 3190 500 3190 497 3190 471 3202 449 3213 398 3190 396 3190 393 3190 268 3192 182 3133 144 3200"/></Shape>
	    <String CONTENT="la mer Egée"
                    HPOS="144"
                    VPOS="3133"
                    WIDTH="510"
                    HEIGHT="210"></String>
          </TextLine>
          <TextLine ID="eSc_line_e6e91670"
                    TAGREFS="LT15"
                    BASELINE="175 3312 390 3381 862 3376 2196 3280" 
                    HPOS="160"
                    VPOS="3227"
                    WIDTH="2036"
                    HEIGHT="205">
            <Shape><Polygon POINTS="366 3420 575 3412 646 3432 648 3432 651 3432 786 3409 910 3415 912 3415 915 3415 918 3415 943 3429 985 3407 988 3407 991 3407 1087 3387 1210 3395 1213 3395 1216 3395 1289 3373 1334 3387 1337 3387 1339 3387 1342 3387 1407 3359 1410 3359 1601 3365 1603 3365 1606 3365 1609 3365 1634 3345 1682 3353 1685 3353 1688 3353 1691 3353 1691 3351 1693 3351 1702 3339 1702 3336 1870 3328 1873 3328 1935 3348 1938 3348 1941 3348 2059 3328 2132 3336 2134 3336 2137 3336 2196 3306 2196 3280 2191 3235 2053 3227 2050 3227 2047 3227 2044 3227 2044 3230 2028 3244 2016 3255 1943 3258 1924 3249 1907 3241 1904 3241 1901 3241 1898 3241 1862 3252 1823 3263 1789 3255 1741 3247 1738 3247 1736 3247 1685 3261 1632 3277 1544 3269 1477 3263 1474 3263 1471 3263 1432 3275 1317 3284 1044 3317 1014 3300 1008 3294 1005 3294 1002 3294 1000 3294 997 3294 985 3300 938 3316 868 3328 797 3311 786 3308 783 3308 780 3308 778 3308 758 3314 646 3342 581 3322 578 3322 575 3322 573 3322 538 3338 479 3355 332 3306 187 3274 160 3370"/></Shape>
	    <String CONTENT="Bien plus même, les espèces des nouveaux roy¬"
                    HPOS="160"
                    VPOS="3227"
                    WIDTH="2036"
                    HEIGHT="205"></String>
          </TextLine>
          <TextLine ID="eSc_line_2d1d7b44"
                    TAGREFS="LT15"
                    BASELINE="174 3438 393 3483 766 3488 1129 3474 2199 3395" 
                    HPOS="166"
                    VPOS="3334"
                    WIDTH="2033"
                    HEIGHT="208">
            <Shape><Polygon POINTS="401 3513 556 3542 559 3542 561 3542 617 3525 705 3539 707 3539 710 3539 780 3516 831 3530 834 3530 837 3530 839 3530 842 3530 873 3511 955 3519 957 3519 960 3519 991 3505 1025 3522 1028 3522 1030 3522 1365 3485 1455 3499 1457 3499 1460 3499 1463 3499 1511 3468 1719 3485 1721 3485 1724 3485 1775 3457 1797 3468 1800 3468 1803 3468 1806 3468 1839 3452 1851 3443 1977 3438 1994 3443 2016 3454 2019 3454 2022 3454 2025 3454 2070 3440 2146 3418 2196 3435 2199 3395 2193 3351 2160 3334 2157 3334 2154 3334 2036 3339 2033 3339 2030 3339 1997 3362 1966 3381 1752 3393 1570 3379 1519 3376 1516 3376 1514 3376 1511 3376 1505 3381 1469 3407 1182 3424 1098 3424 1067 3401 1064 3401 1061 3401 1059 3401 1056 3401 1014 3424 985 3401 983 3401 980 3401 977 3401 974 3401 971 3401 958 3434 915 3438 859 3415 856 3415 853 3415 851 3415 789 3440 679 3421 676 3421 533 3452 166 3397 174 3438 179 3468"/></Shape>
	    <String CONTENT="aumes emboitent le pas aux changements in¬"
                    HPOS="166"
                    VPOS="3334"
                    WIDTH="2033"
                    HEIGHT="208"></String>
          </TextLine>
          <TextLine ID="eSc_line_7ca19474"
                    TAGREFS="LT15"
                    BASELINE="154 3529 221 3549 466 3600 688 3600 1904 3542" 
                    HPOS="137"
                    VPOS="3485"
                    WIDTH="1767"
                    HEIGHT="172">
            <Shape><Polygon POINTS="1837 3508 1820 3499 1797 3488 1794 3488 1792 3488 1789 3488 1750 3502 1738 3505 1730 3502 1677 3485 1674 3485 1671 3485 1668 3485 1665 3485 1665 3488 1662 3488 1651 3505 1643 3516 1561 3519 1539 3508 1516 3491 1514 3491 1511 3491 1508 3491 1505 3491 1469 3508 1455 3516 1441 3511 1412 3497 1410 3497 1407 3497 1404 3497 1401 3497 1379 3511 1353 3527 1306 3513 1286 3508 1283 3508 1280 3508 1278 3508 1275 3508 1266 3513 1244 3527 1233 3519 1233 3516 1230 3516 1227 3516 1224 3516 1221 3516 1219 3516 1219 3519 1202 3533 955 3527 952 3527 949 3527 915 3544 848 3525 828 3519 825 3519 823 3519 820 3519 817 3519 809 3525 766 3553 657 3553 643 3542 643 3539 640 3539 637 3539 634 3539 632 3539 629 3539 603 3556 575 3539 573 3539 570 3539 567 3539 516 3550 497 3533 494 3533 494 3530 491 3530 488 3530 485 3530 463 3533 384 3553 365 3536 362 3536 359 3536 356 3536 198 3487 137 3535 178 3583 382 3620 435 3657 438 3657 441 3657 443 3657 446 3657 449 3657 449 3654 485 3623 522 3654 525 3654 528 3654 530 3654 755 3620 845 3643 848 3643 851 3643 910 3640 912 3640 915 3640 915 3637 918 3637 932 3620 977 3634 980 3634 983 3634 985 3634 1028 3615 1137 3620 1140 3620 1143 3620 1146 3620 1174 3600 1475 3632 1508 3617 1511 3617 1514 3617 1559 3586 1803 3564 1856 3578 1859 3578 1862 3578 1865 3578 1904 3558 1904 3542 1896 3499"/></Shape>
	    <String CONTENT="troduits dans la monnaie byzantine."
                    HPOS="137"
                    VPOS="3485"
                    WIDTH="1767"
                    HEIGHT="172"></String>
          </TextLine>
          <TextLine ID="eSc_line_6b1b5ceb"
                    TAGREFS="LT15"
                    BASELINE="157 3681 414 3755 915 3741 1710 3679 2266 3654" 
                    HPOS="166"
                    VPOS="3595"
                    WIDTH="2100"
                    HEIGHT="214">
            <Shape><Polygon POINTS="229 3763 654 3786 657 3786 660 3786 662 3786 693 3766 727 3783 730 3783 803 3809 1014 3769 1016 3769 1019 3769 1036 3755 1103 3766 1106 3766 1235 3738 1407 3738 1407 3735 1410 3735 1412 3735 1438 3718 1618 3727 1620 3727 1780 3696 1803 3713 1806 3713 1809 3713 1811 3713 1814 3713 1882 3696 1924 3707 1927 3707 1929 3707 1932 3707 1966 3688 1986 3702 1988 3702 1991 3702 1994 3702 1997 3702 2073 3682 2236 3688 2238 3688 2241 3688 2244 3688 2266 3671 2266 3654 2264 3595 2134 3595 2132 3595 2129 3595 2112 3600 2030 3626 1887 3617 1884 3617 1882 3617 1823 3634 1775 3620 1772 3620 1769 3620 1766 3620 1764 3620 1738 3637 1713 3623 1710 3623 1707 3623 1705 3623 1615 3648 1533 3626 1530 3626 1528 3626 1525 3626 1522 3626 1514 3626 1466 3640 1435 3631 1427 3629 1424 3629 1421 3629 1418 3629 1415 3629 1412 3631 1376 3665 876 3688 792 3671 789 3671 786 3671 738 3693 643 3671 640 3671 637 3671 634 3671 598 3696 514 3699 466 3674 463 3674 334 3671 173 3613 168 3679 166 3711"/></Shape>
	    <String CONTENT="Naturellemnt il y a des monnaies divisionnaires d&#x27;ar¬"
                    HPOS="166"
                    VPOS="3595"
                    WIDTH="2100"
                    HEIGHT="214"></String>
          </TextLine>
          <TextLine ID="eSc_line_cf171bd9"
                    TAGREFS="LT15"
                    BASELINE="148 3822 471 3862 837 3859 2019 3777 2202 3776" 
                    HPOS="148"
                    VPOS="3710"
                    WIDTH="2054"
                    HEIGHT="197">
            <Shape><Polygon POINTS="161 3856 148 3822 171 3770 401 3770 435 3786 525 3820 587 3803 595 3803 697 3830 1227 3789 1250 3769 1258 3769 1339 3780 1502 3749 1528 3747 1533 3747 1542 3749 1567 3758 1584 3747 1618 3724 1626 3724 1713 3744 1758 3752 1800 3741 1890 3710 1986 3710 2030 3733 2036 3733 2092 3713 2098 3713 2179 3727 2188 3727 2201 3722 2202 3832 2106 3836 2101 3836 2056 3811 2050 3811 1983 3845 1977 3845 1884 3831 1856 3845 1848 3845 1803 3825 1800 3825 1713 3859 1682 3849 1615 3834 1497 3834 1466 3842 1280 3881 1275 3881 1227 3862 1109 3890 794 3907 789 3907 750 3893 702 3907 696 3907 378 3882 384 3841 421 3827 424 3800 379 3777 361 3794 323 3886"/></Shape>
	    <String CONTENT="gent mais on ne peut parler avec Dopsch II2 p 191"
                    HPOS="148"
                    VPOS="3710"
                    WIDTH="2054"
                    HEIGHT="197"></String>
          </TextLine>
          <TextLine ID="eSc_line_45b7205c"
                    TAGREFS="LT15"
                    BASELINE="156 3899 398 3973 772 3966 2151 3879" 
                    HPOS="129"
                    VPOS="3820"
                    WIDTH="2022"
                    HEIGHT="196">
            <Shape><Polygon POINTS="525 3997 528 3997 570 4016 573 4016 575 4016 831 3985 912 3997 915 3997 1089 3971 1455 3966 1457 3966 1460 3966 1491 3943 1598 3957 1601 3957 1699 3935 1733 3943 1736 3943 1738 3943 1741 3943 1803 3926 1837 3940 1839 3940 1842 3940 1845 3940 1848 3940 1848 3938 1868 3921 1924 3932 1927 3932 1929 3932 1932 3932 1952 3915 1952 3912 2151 3901 2151 3879 2146 3839 2087 3820 2084 3820 2081 3820 2078 3820 2075 3820 2030 3848 2028 3848 2025 3848 2002 3836 2000 3836 1997 3836 1879 3853 1831 3859 1825 3856 1806 3839 1803 3839 1800 3839 1797 3839 1794 3839 1752 3859 1738 3865 1727 3882 1704 3870 1691 3865 1686 3869 1682 3872 1674 3877 1659 3878 1639 3869 1603 3848 1601 3848 1598 3848 1595 3848 1575 3865 1564 3873 1536 3867 1469 3853 1466 3853 1463 3853 1460 3853 1460 3856 1446 3870 1435 3884 1351 3887 1331 3876 1320 3867 1317 3867 1314 3867 1311 3867 1154 3870 1151 3870 1120 3884 1081 3904 910 3912 806 3898 766 3893 764 3893 761 3893 758 3893 750 3901 716 3924 688 3901 685 3898 682 3898 679 3898 676 3898 674 3898 662 3904 613 3912 500 3909 488 3909 485 3909 466 3912 365 3929 185 3869 129 3906 315 3991"/></Shape>
	    <String CONTENT="d&#x27;un bimétallisme. L&#x27;or seul est la monnaie"
                    HPOS="129"
                    VPOS="3820"
                    WIDTH="2022"
                    HEIGHT="196"></String>
          </TextLine>
          <TextLine ID="eSc_line_79f2e97b"
                    TAGREFS="LT15"
                    BASELINE="169 4018 408 4069 430 4074 910 4061 2154 3963" 
                    HPOS="162"
                    VPOS="3895"
                    WIDTH="1992"
                    HEIGHT="225">
            <Shape><Polygon POINTS="455 4095 598 4120 601 4120 1123 4072 1241 4078 1244 4078 1247 4078 1250 4078 1272 4058 1424 4047 1595 4056 1598 4056 1601 4056 1688 4022 1803 4039 1806 4039 1809 4039 1868 4008 1957 4019 1960 4019 1963 4019 1966 4019 2000 3997 2025 4008 2028 4008 2030 4008 2151 3980 2154 3963 2143 3895 2005 3940 1896 3932 1893 3932 1890 3932 1856 3946 1820 3926 1817 3926 1814 3926 1811 3926 1809 3926 1780 3952 1752 3940 1750 3940 1747 3940 1744 3940 1710 3954 1665 3935 1662 3935 1660 3935 1657 3935 1654 3935 1620 3960 1567 3949 1564 3949 1561 3949 1494 3977 1410 3957 1407 3957 1404 3957 1353 3983 1317 3960 1314 3960 1311 3960 1309 3960 1306 3960 1303 3960 1303 3963 1266 3997 977 4013 896 3988 893 3988 890 3988 887 3988 884 3988 842 4019 733 4005 730 4005 727 4005 724 4005 688 4027 634 3999 632 3999 629 3999 626 3999 623 3999 584 4030 480 4002 477 4002 360 4014 201 3980 162 4022 162 4050 197 4067"/></Shape>
	    <String CONTENT="officielle. Le système monétaire des barbares est"
                    HPOS="162"
                    VPOS="3895"
                    WIDTH="1992"
                    HEIGHT="225"></String>
          </TextLine>
          <TextLine ID="eSc_line_f5f9306a"
                    TAGREFS="LT15"
                    BASELINE="153 4105 528 4184 1693 4100 2168 4075" 
                    HPOS="120"
                    VPOS="4011"
                    WIDTH="2048"
                    HEIGHT="221">
            <Shape><Polygon POINTS="362 4213 494 4232 497 4232 1241 4168 1264 4179 1266 4179 1269 4179 1435 4148 1463 4143 1474 4145 1539 4165 1542 4165 1544 4165 1547 4165 1648 4134 1660 4131 1665 4134 1716 4154 1719 4154 1721 4154 1724 4154 1780 4126 1792 4120 2168 4100 2168 4075 2160 4011 2016 4044 1921 4027 1918 4027 1915 4027 1842 4056 1817 4044 1814 4044 1811 4044 1677 4064 1640 4044 1637 4044 1634 4044 1632 4044 1629 4044 1618 4047 1511 4075 1429 4058 1418 4058 1415 4058 1412 4058 1404 4061 1323 4089 1264 4075 1261 4075 1258 4075 1151 4100 1118 4084 1115 4084 1112 4084 1109 4084 1064 4106 1036 4092 1033 4092 1030 4092 1028 4092 1025 4092 1002 4109 817 4106 814 4106 811 4106 809 4106 778 4123 643 4120 640 4120 637 4120 581 4137 542 4120 536 4117 533 4117 530 4117 169 4069 120 4120"/></Shape>
	    <String CONTENT="celui d Rome. Le système Carolingien qui sera le"
                    HPOS="120"
                    VPOS="4011"
                    WIDTH="2048"
                    HEIGHT="221"></String>
          </TextLine>
          <TextLine ID="eSc_line_276a9f8d"
                    TAGREFS="LT15"
                    BASELINE="183 4212 512 4300 994 4277 1898 4202 2247 4185" 
                    HPOS="169"
                    VPOS="4109"
                    WIDTH="2078"
                    HEIGHT="230">
            <Shape><Polygon POINTS="169 4251 502 4320 525 4334 528 4334 530 4334 533 4334 536 4334 539 4334 564 4317 660 4339 662 4339 766 4317 809 4331 811 4331 814 4331 915 4308 943 4322 946 4322 949 4322 1100 4326 1129 4311 1196 4286 1382 4286 1384 4286 1387 4286 1421 4269 1446 4258 1497 4266 1570 4277 1573 4277 1575 4277 1623 4258 1640 4252 1651 4258 1665 4263 1668 4263 1671 4263 1778 4249 1853 4241 1862 4247 1887 4263 1890 4263 1893 4263 1896 4263 1898 4263 1977 4241 2039 4221 2059 4235 2078 4249 2081 4249 2084 4249 2087 4249 2089 4249 2134 4232 2179 4213 2244 4224 2247 4185 2233 4126 2205 4148 2171 4131 2130 4109 2081 4131 2078 4131 2075 4131 2073 4131 2067 4137 2039 4159 1980 4162 1873 4148 1851 4145 1848 4145 1820 4151 1710 4176 1688 4159 1685 4159 1682 4159 1679 4159 1677 4159 1620 4179 1573 4168 1570 4168 1567 4168 1564 4168 1483 4193 1410 4176 1398 4174 1396 4174 1393 4174 1390 4174 1387 4176 1348 4202 1269 4188 1266 4188 1264 4188 1210 4213 809 4235 682 4218 676 4218 674 4218 623 4221 551 4245 500 4232 497 4232 497 4235 494 4235 485 4247 466 4232 463 4232 460 4232 457 4232 184 4166 176 4195"/></Shape>
	    <String CONTENT="monométallisme argent est celui du Moyen âge."
                    HPOS="169"
                    VPOS="4109"
                    WIDTH="2078"
                    HEIGHT="230"></String>
          </TextLine>
          <TextLine ID="eSc_line_6168c159"
                    TAGREFS="LT15"
                    BASELINE="175 4313 317 4350 546 4404 2202 4308" 
                    HPOS="163"
                    VPOS="4255"
                    WIDTH="2039"
                    HEIGHT="197">
            <Shape><Polygon POINTS="224 4385 449 4418 533 4452 536 4452 539 4452 542 4452 544 4452 544 4449 567 4426 615 4449 617 4449 620 4449 623 4449 727 4415 811 4440 814 4440 817 4440 907 4438 910 4438 969 4412 1005 4432 1008 4432 1011 4432 1101 4429 1103 4429 1221 4398 1269 4415 1272 4415 1275 4415 1404 4398 1528 4412 1530 4412 1533 4412 1623 4370 1719 4404 1721 4404 1724 4404 1727 4404 1730 4404 1730 4401 1769 4365 1769 4362 1834 4362 1853 4362 1890 4362 1966 4395 1969 4395 1984 4401 2067 4381 2070 4381 2073 4381 2073 4379 2103 4350 2202 4345 2202 4308 2191 4255 2154 4272 1966 4266 1952 4266 1949 4266 1946 4266 1943 4266 1907 4294 1845 4283 1842 4283 1778 4297 1699 4277 1679 4275 1677 4275 1674 4275 1671 4275 1665 4280 1640 4294 1589 4283 1573 4280 1570 4280 1567 4280 1564 4280 1559 4286 1519 4311 1412 4300 1410 4300 1407 4300 1342 4317 1314 4297 1311 4297 1309 4297 1306 4297 1303 4297 1247 4325 820 4339 794 4320 789 4314 786 4314 783 4314 780 4314 778 4314 775 4314 775 4317 766 4322 750 4342 719 4325 710 4320 707 4320 705 4320 702 4320 699 4320 691 4325 657 4345 553 4334 469 4322 407 4336 187 4269 163 4305"/></Shape>
	    <String CONTENT="Il n&#x27;y a d&#x27;exception que pour les Anglo Saxons chez qui"
                    HPOS="163"
                    VPOS="4255"
                    WIDTH="2039"
                    HEIGHT="197"></String>
          </TextLine>
          <TextLine ID="eSc_line_3d9b5351"
                    TAGREFS="LT15"
                    BASELINE="189 4427 432 4497 868 4497 2185 4429" 
                    HPOS="155"
                    VPOS="4370"
                    WIDTH="2030"
                    HEIGHT="194">
            <Shape><Polygon POINTS="285 4510 334 4550 337 4550 339 4550 342 4550 345 4550 404 4530 497 4564 500 4564 502 4564 505 4564 584 4533 693 4544 696 4544 699 4544 702 4544 702 4541 721 4525 783 4550 786 4550 789 4553 834 4553 834 4550 837 4550 839 4550 839 4547 862 4527 1056 4541 1059 4541 1061 4541 1109 4516 1314 4530 1317 4530 1320 4530 1323 4530 1323 4527 1351 4505 1469 4516 1471 4516 1474 4516 1477 4516 1508 4488 1595 4519 1598 4519 1636 4535 1748 4503 1764 4513 1890 4471 2008 4468 2025 4482 2028 4482 2030 4482 2033 4482 2036 4482 2039 4482 2039 4480 2061 4460 2185 4454 2185 4429 2177 4370 2110 4393 2065 4393 2018 4394 1978 4421 1962 4422 1948 4416 1924 4407 1876 4390 1873 4390 1870 4390 1868 4390 1865 4390 1845 4407 1713 4401 1710 4401 1707 4401 1668 4418 1570 4395 1567 4395 1564 4395 1488 4424 1441 4398 1438 4398 1435 4398 1432 4398 1365 4432 1036 4443 988 4421 985 4421 983 4421 842 4452 783 4424 780 4424 778 4424 775 4424 772 4424 769 4424 696 4460 629 4460 525 4460 485 4438 483 4438 480 4438 477 4438 438 4452 317 4443 184 4386 155 4472"/></Shape>
	    <String CONTENT="l argent joue le rôle principal. On y a pourtant"
                    HPOS="155"
                    VPOS="4370"
                    WIDTH="2030"
                    HEIGHT="194"></String>
          </TextLine>
          <TextLine ID="eSc_line_6abaec64"
                    TAGREFS="LT15"
                    BASELINE="176 4560 263 4573 525 4642 2168 4547" 
                    HPOS="154"
                    VPOS="4495"
                    WIDTH="2014"
                    HEIGHT="178">
            <Shape><Polygon POINTS="358 4667 477 4673 1050 4645 1053 4645 1056 4645 1081 4626 1134 4643 1137 4643 1140 4643 1438 4609 1494 4626 1497 4626 1500 4626 1502 4626 1561 4603 1893 4603 1893 4600 1896 4600 1932 4586 2061 4598 2064 4598 2168 4572 2168 4547 2160 4502 2092 4511 2067 4505 2036 4497 2033 4497 2030 4497 2028 4497 2000 4508 1934 4495 1794 4530 1741 4519 1721 4513 1719 4513 1716 4513 1636 4548 1567 4519 1547 4525 1505 4541 1457 4530 1438 4525 1435 4525 1432 4525 1429 4525 1412 4530 1368 4550 1179 4544 1176 4544 1174 4544 1129 4561 1033 4547 1011 4544 1008 4544 1005 4544 994 4547 938 4572 646 4584 609 4567 606 4567 564 4567 539 4567 536 4567 533 4567 530 4567 530 4570 514 4584 340 4536 178 4527 154 4621"/></Shape>
	    <String CONTENT="quelques monnaies d&#x27;or dans les parties méridio¬"
                    HPOS="154"
                    VPOS="4495"
                    WIDTH="2014"
                    HEIGHT="178"></String>
          </TextLine>
          <TextLine ID="eSc_line_03b053f1"
                    TAGREFS="LT15"
                    BASELINE="188 4690 401 4738 578 4747 2157 4693" 
                    HPOS="139"
                    VPOS="4623"
                    WIDTH="2018"
                    HEIGHT="179">
            <Shape><Polygon POINTS="398 4758 401 4758 457 4789 460 4789 463 4791 547 4791 547 4789 685 4786 688 4786 712 4802 747 4783 750 4783 752 4783 755 4783 1148 4769 1309 4738 1317 4738 1323 4738 1382 4758 1384 4758 1387 4758 1480 4735 1516 4727 1544 4735 1567 4741 1570 4741 1573 4741 1640 4732 1682 4727 1699 4730 1778 4755 1780 4755 1783 4755 1786 4755 1856 4727 1862 4727 1876 4727 2002 4741 2005 4741 2008 4741 2070 4724 2078 4721 2081 4724 2115 4741 2118 4741 2120 4741 2123 4741 2157 4721 2157 4693 2151 4629 2115 4623 2112 4623 2109 4623 2106 4623 2101 4629 2070 4657 2008 4637 2005 4637 2002 4637 2000 4637 1997 4637 1966 4659 1949 4645 1946 4645 1943 4645 1941 4645 1938 4645 1868 4662 1814 4648 1811 4648 1809 4648 1806 4648 1744 4665 1688 4640 1677 4634 1674 4634 1671 4634 1575 4637 1573 4637 1570 4637 1564 4643 1533 4668 1497 4648 1494 4648 1491 4648 1488 4648 1485 4648 1485 4651 1457 4673 1348 4648 1345 4648 1342 4648 1339 4648 1266 4682 1164 4666 1115 4662 1112 4662 1109 4662 1106 4662 1103 4662 1101 4662 1070 4685 1022 4668 1019 4668 1016 4668 1014 4668 971 4688 924 4673 921 4673 918 4673 769 4696 682 4696 626 4671 623 4671 620 4671 617 4671 525 4699 460 4673 457 4673 455 4673 452 4673 415 4688 163 4649 162 4678 139 4737"/></Shape>
	    <String CONTENT="nales de l&#x27;île, c&#x27;est à dire dans celles qui sont"
                    HPOS="139"
                    VPOS="4623"
                    WIDTH="2018"
                    HEIGHT="179"></String>
          </TextLine>
          <TextLine ID="eSc_line_edc896d5"
                    TAGREFS="LT15"
                    BASELINE="158 4785 446 4871 904 4864 2143 4820" 
                    HPOS="167"
                    VPOS="4755"
                    WIDTH="1976"
                    HEIGHT="171">
            <Shape><Polygon POINTS="250 4875 337 4901 407 4926 410 4926 412 4926 415 4926 418 4926 455 4898 457 4895 589 4895 629 4895 716 4918 719 4918 721 4918 724 4918 769 4895 870 4895 910 4912 912 4912 915 4912 1022 4890 1042 4907 1044 4907 1047 4907 1050 4907 1137 4887 1199 4904 1202 4904 1205 4904 1398 4876 1435 4873 1477 4876 1679 4890 1682 4890 1685 4890 1752 4870 1789 4859 1862 4867 1907 4870 1910 4870 1955 4864 2030 4853 2044 4862 2059 4873 2061 4873 2064 4873 2067 4873 2143 4859 2143 4820 2137 4755 2014 4755 2011 4755 2008 4755 2005 4755 2002 4758 1960 4786 1887 4761 1876 4758 1873 4758 1870 4758 1868 4758 1865 4758 1859 4763 1823 4789 1772 4789 1738 4766 1736 4763 1733 4763 1730 4763 1727 4763 1598 4766 1595 4766 1592 4766 1589 4772 1553 4800 1485 4803 1289 4806 1241 4791 1238 4791 1235 4791 1233 4791 1176 4808 1140 4791 1137 4791 1134 4791 1132 4791 1061 4811 1022 4789 1019 4786 1016 4786 1014 4786 1011 4786 1008 4786 997 4789 907 4820 662 4822 623 4800 615 4797 612 4797 609 4797 606 4797 587 4803 494 4828 432 4806 421 4803 418 4803 415 4803 168 4763 167 4806"/></Shape>
	    <String CONTENT="en rapports commerciaux avec la Gaule et il"
                    HPOS="167"
                    VPOS="4755"
                    WIDTH="1976"
                    HEIGHT="171"></String>
          </TextLine>
        </TextBlock>
        <TextBlock HPOS="2223"
                   VPOS="521"
                   WIDTH="1850"
                   HEIGHT="3327"
                   ID="eSc_textblock_bec15388"
                   TAGREFS="BT26">
          <Shape><Polygon POINTS="2223 635 2223 3848 4016 3848 4073 521"/></Shape>
          <TextLine ID="eSc_line_81e957c9"
                    TAGREFS="LT15"
                    BASELINE="2530 710 2803 679 3865 617" 
                    HPOS="2525"
                    VPOS="553"
                    WIDTH="1340"
                    HEIGHT="185">
            <Shape><Polygon POINTS="2530 719 2564 738 2567 738 2570 738 2573 738 2609 719 2634 733 2637 733 2640 733 2643 733 2724 713 2803 727 2806 727 2809 727 2862 699 2986 705 2988 705 2991 705 2994 705 3016 688 3112 707 3115 707 3118 707 3171 685 3373 688 3376 688 3379 688 3446 660 3578 679 3581 679 3584 679 3679 646 3799 656 3806 665 3809 665 3865 632 3865 617 3859 556 3699 553 3696 553 3693 553 3629 570 3595 581 3584 575 3570 564 3567 564 3564 564 3561 564 3424 570 3421 570 3365 589 3328 603 3300 595 3247 581 3244 581 3241 581 3238 581 3177 603 3148 615 3129 609 3089 595 3087 595 3084 595 3081 595 3078 595 3078 598 3061 612 3053 620 3022 615 2924 601 2921 601 2918 601 2859 629 2851 632 2842 629 2817 620 2814 620 2811 620 2679 640 2662 643 2660 643 2618 626 2615 626 2612 626 2609 626 2606 626 2606 629 2584 648 2584 651 2525 651 2530 710"/></Shape>
	    <String CONTENT="Sou ds Constantin = 4 gr. 54"
                    HPOS="2525"
                    VPOS="553"
                    WIDTH="1340"
                    HEIGHT="185"></String>
          </TextLine>
          <TextLine ID="eSc_line_e0e477a7"
                    TAGREFS="LT15"
                    BASELINE="2241 811 2960 775 3935 693" 
                    HPOS="2236"
                    VPOS="651"
                    WIDTH="1699"
                    HEIGHT="202">
            <Shape><Polygon POINTS="2241 839 2303 853 2306 853 2309 853 2311 853 2311 851 2314 851 2325 837 2595 837 2595 834 2598 834 2651 811 2702 825 2705 825 2707 825 2710 825 2806 800 2848 814 2851 814 2854 814 3008 803 3011 803 3014 803 3014 800 3030 786 3095 797 3098 797 3101 797 3143 775 3146 775 3199 789 3202 789 3205 789 3207 789 3264 769 3446 772 3449 772 3452 772 3530 747 3564 764 3567 764 3570 764 3573 764 3612 741 3640 758 3643 758 3646 758 3784 728 3935 716 3935 693 3929 654 3834 668 3810 662 3736 651 3733 651 3730 651 3710 668 3707 671 3705 668 3693 660 3691 660 3688 660 3685 660 3682 660 3679 660 3665 671 3651 679 3634 674 3624 685 3617 687 3601 685 3589 685 3578 696 3555 705 3532 709 3520 700 3348 699 3334 693 3311 682 3309 682 3306 682 3303 682 3261 699 3230 710 3216 702 3199 690 3196 690 3193 690 3191 690 3188 690 3148 705 3112 721 3036 724 3016 716 3002 705 3000 705 2997 705 2994 705 2918 721 2901 724 2890 724 2842 716 2839 716 2837 716 2834 716 2830 743 2793 763 2716 747 2702 735 2691 727 2688 727 2685 727 2682 727 2679 727 2640 741 2604 752 2570 744 2545 741 2542 741 2539 741 2536 741 2536 744 2530 747 2516 764 2236 766 2241 811"/></Shape>
	    <String CONTENT="on en taillait 72 à la livre. Le sol va¬"
                    HPOS="2236"
                    VPOS="651"
                    WIDTH="1699"
                    HEIGHT="202"></String>
          </TextLine>
          <TextLine ID="eSc_line_500e0be4"
                    TAGREFS="LT15"
                    BASELINE="2230 924 3202 851 3466 820 4014 797" 
                    HPOS="2224"
                    VPOS="724"
                    WIDTH="1790"
                    HEIGHT="242">
            <Shape><Polygon POINTS="2230 946 2311 966 2314 966 2317 966 2396 946 2533 949 2536 949 2539 949 2542 949 2570 926 2573 924 2589 924 2755 935 2758 935 2761 935 2764 935 2803 910 2817 901 2839 907 2856 912 2859 912 2862 912 2865 912 2879 904 2898 896 2913 904 2946 921 2949 921 2952 921 3000 918 3002 918 3053 893 3087 879 3154 887 3199 893 3202 893 3205 893 3241 881 3261 876 3269 879 3300 896 3303 896 3306 896 3309 896 3359 873 3404 853 3685 837 3741 848 3744 848 3747 848 3781 834 3809 845 3842 859 3845 859 3848 859 4014 831 4014 797 4002 724 3865 733 3862 733 3859 733 3859 735 3856 735 3828 741 3789 731 3766 744 3764 744 3761 744 3730 769 3564 761 3526 771 3510 772 3499 776 3463 780 3425 771 3384 775 3339 769 3337 769 3334 769 3331 769 3314 783 3286 800 3168 794 3098 792 3095 792 3092 792 3089 792 3073 803 3047 817 3014 808 3005 806 3002 806 3000 806 2903 840 2806 834 2789 828 2758 814 2755 814 2752 814 2750 814 2747 814 2747 817 2730 831 2721 842 2567 851 2545 848 2488 839 2486 839 2483 839 2449 856 2441 859 2435 856 2384 837 2382 837 2379 837 2376 837 2339 856 2286 842 2283 842 2280 842 2278 842 2224 870 2230 924"/></Shape>
	    <String CONTENT="lait 15. 43 frs. or (Stein Spät. Rom. I.177)"
                    HPOS="2224"
                    VPOS="724"
                    WIDTH="1790"
                    HEIGHT="242"></String>
          </TextLine>
          <TextLine ID="eSc_line_40c2e573"
                    TAGREFS="LT15"
                    BASELINE="2330 1304 2671 1258" 
                    HPOS="2298"
                    VPOS="1162"
                    WIDTH="373"
                    HEIGHT="191">
            <Shape><Polygon POINTS="2411 1346 2671 1294 2671 1258 2657 1162 2516 1196 2488 1188 2455 1179 2452 1179 2449 1179 2446 1179 2443 1179 2443 1182 2424 1199 2454 1216 2419 1245 2390 1244 2366 1266 2336 1268 2316 1285 2298 1315 2319 1327 2352 1353"/></Shape>
	    <String CONTENT="au début"
                    HPOS="2298"
                    VPOS="1162"
                    WIDTH="373"
                    HEIGHT="191"></String>
          </TextLine>
          <TextLine ID="eSc_line_429499a0"
                    TAGREFS="LT15"
                    BASELINE="2713 1570 3014 1553 3648 1480 3865 1466" 
                    HPOS="2705"
                    VPOS="1393"
                    WIDTH="1160"
                    HEIGHT="205">
            <Shape><Polygon POINTS="3823 1398 3795 1393 3766 1393 3747 1393 3699 1426 3584 1396 3581 1396 3578 1396 3575 1396 3573 1396 3511 1443 3505 1446 3488 1443 3407 1429 3404 1429 3401 1429 3354 1452 3289 1421 3286 1421 3283 1421 3280 1421 3213 1452 3148 1440 3146 1440 3143 1440 3140 1440 3084 1477 3059 1494 2924 1502 2898 1491 2864 1467 2839 1466 2832 1454 2752 1474 2750 1474 2747 1474 2705 1499 2713 1570 2716 1598 2997 1581 3045 1592 3047 1592 3050 1592 3053 1592 3056 1592 3056 1589 3089 1561 3092 1561 3216 1567 3219 1567 3331 1542 3356 1558 3359 1558 3362 1558 3532 1559 3553 1542 3556 1542 3665 1502 3800 1502 3803 1502 3806 1502 3865 1480 3865 1466 3859 1424 3854 1418"/></Shape>
	    <String CONTENT="Gunnar Mickwitz, Geld und"
                    HPOS="2705"
                    VPOS="1393"
                    WIDTH="1160"
                    HEIGHT="205"></String>
          </TextLine>
          <TextLine ID="eSc_line_8c697af9"
                    TAGREFS="LT15"
                    BASELINE="2718 1700 2853 1681 3148 1648 3707 1558 3949 1542" 
                    HPOS="2713"
                    VPOS="1483"
                    WIDTH="1236"
                    HEIGHT="251">
            <Shape><Polygon POINTS="2749 1732 2774 1734 2786 1728 2804 1726 2825 1723 2841 1722 2854 1719 2879 1710 2893 1712 2910 1710 2930 1705 2954 1706 2963 1708 3010 1706 3025 1702 3028 1702 3089 1676 3148 1685 3151 1685 3154 1685 3213 1654 3216 1654 3241 1668 3244 1668 3247 1668 3418 1629 3435 1643 3438 1643 3441 1643 3443 1643 3446 1643 3508 1620 3567 1629 3570 1629 3573 1629 3575 1629 3618 1601 3618 1598 3626 1598 3870 1578 3873 1578 3949 1553 3949 1542 3941 1491 3862 1483 3859 1483 3856 1483 3823 1499 3800 1485 3797 1485 3795 1485 3792 1485 3626 1508 3623 1508 3620 1508 3620 1511 3592 1539 3592 1542 3528 1565 3443 1569 3412 1570 3373 1567 3354 1572 3345 1572 3272 1556 3269 1556 3266 1556 3264 1556 3230 1587 3224 1592 3078 1606 3075 1606 3036 1592 3033 1592 3030 1592 3028 1592 3025 1592 3025 1595 3022 1595 3008 1615 3005 1617 3002 1617 2955 1603 2952 1603 2949 1603 2946 1603 2943 1603 2913 1629 2910 1629 2856 1612 2854 1612 2851 1612 2848 1612 2845 1612 2797 1643 2789 1648 2780 1646 2758 1646 2753 1649 2748 1650 2742 1646 2730 1645 2727 1651 2731 1653 2727 1661 2728 1666 2723 1671 2721 1675 2718 1684 2715 1699 2718 1702 2716 1705 2714 1710 2717 1717 2713 1723 2716 1724 2723 1729 2736 1727"/></Shape>
	    <String CONTENT="Wirtschaft im Römischen Reich des"
                    HPOS="2713"
                    VPOS="1483"
                    WIDTH="1236"
                    HEIGHT="251"></String>
          </TextLine>
          <TextLine ID="eSc_line_a6733029"
                    TAGREFS="LT15"
                    BASELINE="2669 1778 2858 1774 3998 1628" 
                    HPOS="2668"
                    VPOS="1605"
                    WIDTH="1337"
                    HEIGHT="247">
            <Shape><Polygon POINTS="2670 1829 2687 1829 2738 1852 2817 1809 3184 1769 3214 1815 3320 1749 3642 1713 3673 1686 4005 1644 3994 1605 3728 1612 3470 1650 3177 1691 3062 1696 3007 1723 2668 1741"/></Shape>
	    <String CONTENT="4 Jahrh N.  Chr. (Helsingfors 1932 con¬"
                    HPOS="2668"
                    VPOS="1605"
                    WIDTH="1337"
                    HEIGHT="247"></String>
          </TextLine>
          <TextLine ID="eSc_line_f6dc96a5"
                    TAGREFS="LT15"
                    BASELINE="2559 1907 2997 1862 3129 1831 3359 1806 3691 1747 3972 1730" 
                    HPOS="2553"
                    VPOS="1671"
                    WIDTH="1419"
                    HEIGHT="269">
            <Shape><Polygon POINTS="2559 1929 2587 1940 2649 1921 2771 1932 2814 1902 2870 1907 2873 1907 2873 1904 2876 1904 2898 1914 3006 1893 3028 1897 3042 1887 3115 1859 3168 1862 3171 1862 3174 1862 3177 1862 3177 1859 3191 1848 3210 1846 3415 1814 3424 1820 3449 1837 3452 1837 3455 1837 3457 1837 3460 1837 3463 1837 3500 1808 3522 1825 3525 1825 3528 1825 3530 1825 3533 1825 3536 1825 3573 1800 3584 1792 3677 1786 3679 1786 3701 1776 3709 1779 3710 1784 3720 1789 3727 1791 3744 1783 3750 1778 3768 1764 3972 1749 3972 1730 3966 1690 3921 1671 3918 1671 3915 1671 3913 1671 3910 1671 3910 1674 3907 1674 3898 1688 3789 1680 3766 1688 3764 1688 3761 1688 3738 1707 3639 1730 3615 1726 3579 1745 3500 1749 3370 1763 3325 1741 3323 1741 3320 1741 3317 1741 3258 1800 3224 1814 3188 1811 3180 1790 3165 1795 3162 1799 3156 1796 3146 1797 3141 1795 3133 1790 3124 1780 3107 1785 3109 1797 2898 1803 2896 1803 2893 1803 2893 1806 2870 1825 2868 1828 2735 1862 2662 1851 2648 1839 2646 1839 2643 1839 2640 1839 2637 1839 2553 1862 2559 1907"/></Shape>
	    <String CONTENT="clut p. 190 qu&#x27;il est impossible de consi¬"
                    HPOS="2553"
                    VPOS="1671"
                    WIDTH="1419"
                    HEIGHT="269"></String>
          </TextLine>
          <TextLine ID="eSc_line_43f249a2"
                    TAGREFS="LT15"
                    BASELINE="2528 1983 3202 1918 3733 1825 3986 1800" 
                    HPOS="2527"
                    VPOS="1747"
                    WIDTH="1459"
                    HEIGHT="264">
            <Shape><Polygon POINTS="2530 2011 2670 2003 2699 2008 2870 1985 2873 1985 2921 1960 2924 1960 2938 1960 3106 1960 3106 1957 3387 1921 3390 1921 3393 1921 3393 1918 3396 1918 3407 1901 3410 1898 3418 1898 3578 1893 3581 1893 3584 1893 3604 1876 3606 1876 3643 1890 3646 1890 3648 1890 3651 1890 3710 1865 3719 1859 3986 1828 3986 1800 3977 1747 3783 1766 3778 1766 3775 1766 3775 1769 3772 1769 3764 1783 3730 1807 3711 1795 3680 1808 3658 1807 3652 1799 3618 1806 3587 1792 3581 1792 3578 1792 3575 1792 3555 1820 3502 1818 3454 1841 3410 1842 3317 1839 3314 1839 3311 1839 3309 1839 3309 1842 3306 1842 3295 1859 3123 1879 3084 1867 3081 1867 3068 1891 3026 1910 2950 1910 2906 1922 2888 1924 2873 1911 2857 1917 2841 1926 2826 1924 2809 1927 2796 1922 2784 1931 2780 1940 2775 1946 2765 1948 2744 1944 2664 1926 2600 1938 2527 1931 2528 1983"/></Shape>
	    <String CONTENT="dérer le 4e s. comme un siècle de Natural¬"
                    HPOS="2527"
                    VPOS="1747"
                    WIDTH="1459"
                    HEIGHT="264"></String>
          </TextLine>
          <TextLine ID="eSc_line_ee9f834c"
                    TAGREFS="LT15"
                    BASELINE="2508 2067 3207 1994 3960 1890" 
                    HPOS="2507"
                    VPOS="1831"
                    WIDTH="1456"
                    HEIGHT="275">
            <Shape><Polygon POINTS="2511 2106 2679 2072 2793 2058 2815 2079 2881 2049 2946 2056 2980 2042 3022 2047 3042 2047 3045 2047 3047 2047 3050 2047 3050 2044 3056 2042 3081 2043 3098 2036 3106 2039 3109 2039 3146 2023 3247 2016 3533 1971 3556 1980 3567 1983 3570 1983 3573 1983 3747 1960 3750 1960 3752 1960 3752 1957 3755 1957 3758 1954 3766 1940 3963 1926 3960 1890 3949 1831 3904 1837 3901 1837 3898 1837 3898 1839 3876 1865 3839 1845 3837 1845 3834 1845 3831 1845 3820 1848 3626 1898 3561 1887 3559 1887 3556 1887 3469 1915 3438 1901 3427 1896 3424 1896 3421 1896 3418 1896 3415 1896 3404 1904 3370 1932 3089 1963 3076 1973 3062 1967 3052 1965 3024 1963 3008 1969 2971 1966 2939 1999 2913 2011 2892 2002 2865 1992 2852 1995 2813 1996 2790 1999 2764 1998 2727 2010 2723 2020 2712 2019 2698 2017 2692 2020 2678 2006 2666 2010 2657 2024 2651 2032 2646 2032 2628 2035 2605 2032 2585 2033 2553 2023 2530 2036 2521 2037 2507 2046 2508 2067"/></Shape>
	    <String CONTENT="wirtschaft. Les finances seules de l&#x27;Etat"
                    HPOS="2507"
                    VPOS="1831"
                    WIDTH="1456"
                    HEIGHT="275"></String>
          </TextLine>
          <TextLine ID="eSc_line_c67dc18c"
                    TAGREFS="LT15"
                    BASELINE="2500 2151 3247 2072" 
                    HPOS="2494"
                    VPOS="2016"
                    WIDTH="756"
                    HEIGHT="188">
            <Shape><Polygon POINTS="2502 2193 2519 2204 2522 2204 2525 2204 2528 2204 2530 2204 2606 2176 2612 2174 2618 2174 2688 2188 2691 2188 2693 2188 2814 2151 2831 2148 2842 2148 2915 2162 2918 2162 3036 2151 3039 2151 3042 2151 3089 2123 3095 2117 3250 2103 3247 2072 3241 2030 3157 2016 3154 2016 3125 2040 3082 2044 3066 2057 3027 2068 3014 2075 3008 2056 2901 2056 2898 2056 2896 2056 2893 2056 2893 2058 2882 2070 2841 2067 2819 2082 2805 2092 2801 2090 2790 2083 2773 2071 2705 2064 2702 2064 2699 2064 2660 2084 2629 2072 2626 2072 2623 2072 2620 2072 2618 2072 2618 2075 2592 2101 2589 2103 2494 2109 2500 2151"/></Shape>
	    <String CONTENT="ont fait exception."
                    HPOS="2494"
                    VPOS="2016"
                    WIDTH="756"
                    HEIGHT="188"></String>
          </TextLine>
          <TextLine ID="eSc_line_6a2ccb42"
                    TAGREFS="LT15"
                    BASELINE="2278 3272 4005 3078" 
                    HPOS="2278"
                    VPOS="3013"
                    WIDTH="1727"
                    HEIGHT="322">
            <Shape><Polygon POINTS="3949 3013 3946 3013 3943 3013 3862 3022 3859 3022 3792 3058 3789 3058 3783 3058 3643 3047 3640 3047 3497 3081 3477 3072 3474 3072 3472 3072 3469 3072 3418 3098 3413 3101 3386 3092 3295 3101 3292 3101 3199 3120 3163 3129 3146 3126 3098 3120 3095 3120 3092 3120 3053 3137 3036 3143 3025 3140 3006 3105 2998 3115 2994 3131 2991 3131 2924 3151 2887 3160 2851 3160 2716 3151 2713 3151 2710 3151 2584 3188 2536 3202 2407 3204 2404 3204 2368 3190 2365 3190 2362 3190 2359 3190 2301 3230 2278 3272 2312 3335 2508 3275 2528 3283 2533 3286 2536 3286 2539 3286 2713 3266 2716 3266 2736 3258 2780 3241 2811 3249 2828 3252 2831 3252 2834 3252 2837 3252 2839 3252 2839 3249 2842 3249 2845 3244 2854 3235 2918 3235 2952 3235 2954 3233 2978 3253 3021 3236 3030 3219 3042 3204 3191 3202 3309 3196 3429 3171 3516 3154 3545 3157 3612 3165 3615 3165 3618 3165 3674 3140 3691 3134 3702 3137 3736 3145 3738 3145 3741 3145 4005 3098 4005 3078 4000 3044 3972 3022"/></Shape>
	    <String CONTENT="Quand la croix haussée à la fin du VIe s."
                    HPOS="2278"
                    VPOS="3013"
                    WIDTH="1727"
                    HEIGHT="322"></String>
          </TextLine>
          <TextLine ID="eSc_line_38a3f399"
                    TAGREFS="LT15"
                    BASELINE="2283 3365 3595 3213 3929 3190" 
                    HPOS="2283"
                    VPOS="3126"
                    WIDTH="1646"
                    HEIGHT="262">
            <Shape><Polygon POINTS="2289 3388 2425 3369 2480 3379 2491 3379 2494 3379 2530 3373 2691 3342 2761 3345 2789 3345 3163 3310 3929 3202 3929 3190 3921 3140 3831 3126 3828 3126 3825 3126 3752 3160 3587 3177 3530 3160 3528 3160 3429 3196 3292 3188 3289 3188 3286 3188 3283 3188 3250 3216 3213 3196 3210 3196 3207 3196 3205 3196 3202 3196 3171 3221 3073 3232 3059 3225 3053 3230 2974 3257 2954 3249 2919 3257 2882 3249 2809 3241 2806 3241 2707 3252 2705 3252 2702 3252 2702 3255 2699 3255 2679 3280 2677 3283 2632 3286 2629 3286 2547 3295 2530 3272 2528 3272 2457 3306 2455 3308 2288 3337 2283 3365"/></Shape>
	    <String CONTENT="remplace la Victoire, les monétaires de"
                    HPOS="2283"
                    VPOS="3126"
                    WIDTH="1646"
                    HEIGHT="262"></String>
          </TextLine>
          <TextLine ID="eSc_line_bf082553"
                    TAGREFS="LT15"
                    BASELINE="2269 3435 2508 3424 3570 3311 4005 3277" 
                    HPOS="2269"
                    VPOS="3233"
                    WIDTH="1736"
                    HEIGHT="245">
            <Shape><Polygon POINTS="2281 3478 2530 3449 2578 3457 2584 3457 2804 3431 4005 3306 4005 3277 3997 3233 3809 3249 3797 3249 3724 3235 3722 3235 3595 3266 3553 3275 3528 3272 3477 3263 3474 3263 3382 3283 3345 3292 3334 3289 3306 3277 3303 3277 3300 3277 3297 3277 3266 3294 3255 3300 3236 3297 3193 3289 3191 3289 3188 3289 3185 3289 3166 3319 3147 3324 3047 3325 3019 3314 3002 3308 3000 3308 2955 3324 2929 3322 2817 3348 2764 3336 2744 3334 2741 3334 2623 3345 2620 3345 2609 3351 2561 3376 2422 3414 2386 3405 2354 3403 2309 3392 2278 3414 2269 3435"/></Shape>
	    <String CONTENT="Marseille puis les autres suivent l&#x27;exem¬"
                    HPOS="2269"
                    VPOS="3233"
                    WIDTH="1736"
                    HEIGHT="245"></String>
          </TextLine>
          <TextLine ID="eSc_line_c044df45"
                    TAGREFS="LT15"
                    BASELINE="2286 3533 3067 3468" 
                    HPOS="2280"
                    VPOS="3395"
                    WIDTH="787"
                    HEIGHT="183">
            <Shape><Polygon POINTS="2289 3578 2418 3572 2421 3572 2424 3572 2424 3570 2427 3570 2441 3550 2500 3558 2502 3558 2505 3558 2508 3558 2530 3539 2677 3530 2738 3542 2761 3544 2764 3544 2814 3536 2901 3516 2938 3525 2963 3527 2966 3527 2969 3527 2971 3527 2983 3519 3008 3502 3067 3511 3067 3468 3061 3412 3005 3395 3002 3395 3000 3395 2893 3404 2890 3404 2887 3404 2868 3421 2823 3441 2762 3429 2719 3460 2710 3461 2681 3466 2671 3465 2620 3456 2615 3457 2582 3464 2553 3449 2517 3461 2489 3478 2477 3485 2449 3495 2441 3483 2407 3474 2384 3457 2382 3457 2379 3457 2376 3457 2373 3457 2280 3485 2286 3533"/></Shape>
	    <String CONTENT="ple. Prou LXXXV."
                    HPOS="2280"
                    VPOS="3395"
                    WIDTH="787"
                    HEIGHT="183"></String>
          </TextLine>
          <TextLine ID="eSc_line_361b78d2"
                    TAGREFS="LT15"
                    BASELINE="2288 3775 2783 3741" 
                    HPOS="2285"
                    VPOS="3674"
                    WIDTH="498"
                    HEIGHT="148">
            <Shape><Polygon POINTS="2330 3714 2373 3706 2421 3702 2522 3674 2528 3674 2780 3707 2783 3741 2780 3775 2752 3772 2738 3777 2679 3808 2674 3808 2410 3794 2387 3794 2384 3797 2334 3822 2325 3822 2290 3810 2285 3747"/></Shape>
	    <String CONTENT="et de bronze"
                    HPOS="2285"
                    VPOS="3674"
                    WIDTH="498"
                    HEIGHT="148"></String>
          </TextLine>
        </TextBlock>
        <TextBlock HPOS="3550"
                   VPOS="89"
                   WIDTH="368"
                   HEIGHT="245"
                   ID="eSc_textblock_7c3649c4"
                   TAGREFS="BT30">
          <Shape><Polygon POINTS="3873 112 3918 266 3761 334 3618 334 3550 146 3643 89"/></Shape>
          <TextLine ID="eSc_line_f51d6798"
                    TAGREFS="LT15"
                    BASELINE="3581 209 3877 200" 
                    HPOS="3577"
                    VPOS="57"
                    WIDTH="306"
                    HEIGHT="211">
            <Shape><Polygon POINTS="3843 57 3883 263 3583 268 3577 79"/></Shape>
	    <String CONTENT="84"
                    HPOS="3577"
                    VPOS="57"
                    WIDTH="306"
                    HEIGHT="211"></String>
          </TextLine>
        </TextBlock>
      </PrintSpace>
    </Page>
  </Layout>
</alto>
