3978 5058
3357 88 426 325 198

69 23 2011 167 Et ce défenseur de l'Eglise, CE saint em¬

41 153 2077 137 pereur, ce pieux empereur a le centre de son

30 242 2181 139 pouvoir effectif non à Rome où il l'a reçu,

19 333 2064 126 mais dans le Nord de l'Europe. L'ancien

40 417 2100 164 Empire méditerranéen avait eu logiquemnt

19 531 2117 186 son centre à Rome. Celui-ci a illogiquemnt

18 651 2102 119 son centre en Austrasie. Rien ne montre

5 751 2137 139 mieux le bouleversement de l'ordre anti¬

56 848 2040 158 que et méditerranéen des choses. <.. ....>¬

32 961 2106 126 <...... .....> L'empire de Charlemagne

25 1042 2080 134 est le point d'aboutissement de la rupture

12 1141 2109 156 par l'Islam de l'équilibre européen. Il n'a

0 1248 2125 174 été possible qu'à deux Conditions 1°, la rup¬

14 1362 2071 165 ture qu'il a produite entre Orient et Occi¬

20 1459 2038 167 dent, car sans cette rupture ni le pape ni

26 1578 2027 158 l Eglise Occidentale ne marchaient. 2°,

3 1675 2040 144 la conquête par l'Islam de l'Afrique et

18 1786 2115 141 de l'Espagne car sans elle, le roi des Francs

0 1901 2102 112 n'aurait pas été le maître de l'Occident

21 1988 466 131 chrétien.

44 2069 1968 187 Il est donc rigoureusement vrai de

24 2200 2028 185 dire que sans Mahomet Charlemagne est

24 2309 752 156 inconcevable.

10 2406 2150 193 L'Empire Romain ancien est devenu en fait

23 2539 2082 160 au VIIe s. un empire <....> d'Orient. L'Empire

16 2646 1966 136 de Charles est un Empire <.....> d'Occident.

2 2753 2018 157 En réalité chacun des deux ignore l'autre.

5 2865 2033 140 On n'a pas besoin pour expliquer le couronnmt

11 2978 2098 151 de Charles d'invoquer le fait qu'à ce moment

5 3084 1846 165 une femme règne à Constantinople.

21 3196 2080 159 Et conformément à la direction qu'a prise

12 3300 2149 145 l'histoire, le centre de cet Empire est au Nord.

0 3420 2155 125 C'est là le nouveau centre de gravité d l'Europe.

0 3510 2069 165 Le royaume franc va faire le Moyen Age. Mais

0 3608 2017 165 le royaume franc austrasien-germanique.

0 3715 2024 147 Après la période d incertitude du Ve au VIIIe s.

0 3804 2026 168 dans laquelle subsiste l'unité mediterra¬

0 3907 1980 160 néenne, la rupture de celle-ci a déplacé l'axe

4 4012 1896 183 du monde. Hartmann p. 353 l'a bien vu

2 4110 2031 161 "Geographisch und wirtschaftlich, politisch

4 4218 2021 171 und Kulturell hat sich eine Verschiebung

8 4331 2016 187 in der Gruppierung der christlichen Völker

6 4437 1923 193 vollzogen, welche dem Mittelalter sein

8 4551 1905 194 Gepräge gibt". Et Dawson, p.147 : "It

19 4677 1919 165 is in the seventh century and not in the

0 4768 1893 165 fifth that we must place the end of the

2476 514 1443 191 Le 13 janv 812 les deux empires

2399 610 1545 180 ont fait la paix et Charles a re¬

2397 699 1457 166 noncé à Venise et à l'Italie

2393 802 1471 173 meridionale (Hartm. III 66).

2369 929 1500 155 En somme la politique de

2387 1012 1502 175 Charles en Italie n'a pas réussi

2373 1120 1585 170 et il n'est pas devenu une puis¬

2362 1218 1394 164 sance mediterranéenne.
