3978 5058
3413.0 29.0 458.0 266.0 166

101.0 37.0 1968.0 148.0 chefs de cette aristocratie qui cherche à

82.0 147.0 1974.0 143.0 secouer la tutelle du palais et a s'acca¬

75.0 246.0 2088.0 141.0 parer hereditairement les fonctions et qui

67.0 347.0 2126.0 127.0 par dessus cela est antipathique aux Romans

63.0 437.0 2141.0 150.0 de Neustrie, quand ils s'imposèrent à la mo¬

41.0 535.0 2050.0 153.0 narchie c'est à dire à ce palais où ils subs¬

58.0 638.0 2118.0 117.0 tituèrent leur influence à celle des parti¬

50.0 733.0 2096.0 141.0 sans de l'absolutisme royal. Réaction donc

77.0 832.0 2205.0 142.0 au fond anti-romaine et même on pourrait

78.0 957.0 1042.0 111.0 dire anti antique.

105.0 1032.0 2008.0 167.0 En Neustrie Ebroïn était le chef de ceux-ci.

54.0 1144.0 2097.0 150.0 Le roi étant mineur ce sont les grands (Franci

71.0 1258.0 2284.0 149.0 voy texte de Fustel Transformat p.80) qui l'avaient

68.0 1333.0 2144.0 202.0 désigné. Mais à peine au pouvoir il pretendit

75.0 1439.0 2064.0 168.0 dominer l aristocratie à laquelle d'ailleurs il

59.0 1554.0 2082.0 157.0 n'appartenait pas, empêcher l'hérédité des fa¬

45.0 1659.0 2040.0 149.0 milles palatines et élever aux emplois semble-

53.0 1725.0 2203.0 205.0 t-il, des gens de basse naissance qui lui devaient

66.0 1828.0 2064.0 183.0 tout. Ceci en 656. Il y eut naturellement une

54.0 1929.0 2040.0 178.0 resistance à la tête de laquelle un <.....>

59.0 2031.0 2124.0 203.0 des grande famille, Léger, depuis 659 évêque d'Au¬

46.0 2152.0 2052.0 174.0 tun. On ne peut entrer ici dans le détail des

57.0 2250.0 2100.0 160.0 évènements. L'essentiel est que tout se passe par

43.0 2343.0 2114.0 161.0 dessus la tête de la royauté. A la + de Clotaire III

45.0 2444.0 2098.0 167.0 (      ) Ebroïn fait aussitôt monter Thierry sur

71.0 2519.0 2061.0 172.0 le trône. Mais les grands qui exigent mainte¬

61.0 2623.0 2079.0 161.0 nant d intervenir ds l'avènement du roi re¬

62.0 2725.0 2035.0 179.0 fusent de reconnaître Thierry et reconnaissent

55.0 2810.0 2011.0 174.0 son frère Childéric II (Fustel, p. 100). Sous lui,

52.0 2908.0 2008.0 193.0 Leodeger et les siens étant tout puissants lui

59.0 3005.0 2046.0 175.0 imposent de larges concessions à leur avan¬

52.0 3106.0 2057.0 178.0 tage. 1°. Les hauts fonctionnaires ne pourront

68.0 3203.0 1977.0 182.0 être envoyés d'un pays dans un autre. Ceci

63.0 3307.0 2047.0 164.0 en partie pour empêcher le nouveau roi qui ré¬

68.0 3426.0 2039.0 152.0 gnait dejà en Austrasie d'amener avec lui des

71.0 3527.0 2003.0 141.0 austrasiens (Fustel, 101). Puis la mairie du

55.0 3624.0 2060.0 144.0 palais est supprimée en Neustrie et en Bour¬

66.0 3704.0 2017.0 163.0 gogne, Wulfoad demeurant maire du palais

65.0 3820.0 1996.0 152.0 en Austrasie. Il semble que l'on ait voulu

48.0 3910.0 2046.0 161.0 alors etablir au palais un roulement entre

56.0 4012.0 2041.0 182.0 les grands pour le gouvernement. Mais les grds

53.0 4116.0 1998.0 166.0 ne s'entendent pas et < Clovis > Childéric II en

59.0 4226.0 2019.0 170.0 profite pour se debarrasser de Leger qui est

53.0 4318.0 2036.0 184.0 relégué à Luxeuil (673  ). Mais son gouver¬

70.0 4436.0 1984.0 169.0 nement est bientôt odieux aux grands. En

73.0 4525.0 1960.0 183.0 673 il est assassiné. Thierry III lui succède.

78.0 4643.0 2107.0 183.0 Ebroïn redevient maire du palais avec l aide

67.0 4757.0 2067.0 185.0 de ses amici, ce qui amène dit Fustel, (p.106)
