4090 5056
3649.0 84.0 234.0 219.0 80

148.0 89.0 1927.0 169.0 muros quam extra muros (Pardessus

145.0 197.0 1947.0 141.0 Dipl II p.15 N° 257) Voilà donc une rue qui se

129.0 269.0 2031.0 183.0 prolonge dans le faubourg. C'est un aspect ro¬

126.0 362.0 1927.0 184.0 main que ces maisons à arcades dans le N.

132.0 463.0 1941.0 157.0 Elles servaient s. d. de boutiques : Grégoire VII,

137.0 570.0 2023.0 176.0 37 p. 317 nous parle des apotecae et des promp¬

129.0 682.0 1955.0 174.0 tuaria de Comminges. A Paris Grégoire

126.0 766.0 2000.0 198.0 VI. 32 p .273 nous montre Leudaste "domus

120.0 873.0 2059.0 194.0 negutiantum circumiens, species rimatur,

126.0 991.0 1980.0 177.0 argentum pensat, atque diversa ornamenta

126.0 1106.0 1980.0 165.0 prospicit". Il parle encore de ces domus

148.0 1205.0 2031.0 156.0 neguciantum VIII. 33 (p.348) qui semblent

129.0 1370.0 767.0 104.0 placées à la file.

148.0 1415.0 2020.0 168.0 Au milieu de cela vivaient des artisans sur

143.0 1533.0 1938.0 174.0 lesquels on est très mal renseigné (Kiener

137.0 1649.0 2051.0 168.0 Provence, p.15) A Arles, au VIe s. S. Césaire men¬

131.0 1758.0 1984.0 175.0 tionne sutores, aurifices, fabri vel relqui

145.0 1887.0 2020.0 158.0 artifices (Ibid. p.29 ). Le curator civitatis a¬

132.0 1977.0 2095.0 209.0 vait la police des marchés et des denrées (Kie¬

136.0 2126.0 2015.0 153.0 ner Provence p.15). On est mieux renseigné

132.0 2211.0 2016.0 195.0 pour Ravenne où semblent s'être conservés

137.0 2311.0 2068.0 186.0 quelques restes de collegia apificum de l'Antiquité

132.0 2415.0 2033.0 181.0 Sans doute les enceintes urbaines en Gaule

137.0 2521.0 2011.0 195.0 étaient très petites Voy. Vercauteren, cites

139.0 2648.0 2043.0 209.0 p. 354-355. D après lui la population de ces ci¬

143.0 2763.0 2050.0 161.0 tès eût été de 6000 âmes et souvent beau¬

156.0 2859.0 1959.0 175.0 coup moins. Mais les villes du Sud sont plus

157.0 2949.0 2070.0 194.0 considérables. A Fréjus, d'après les ruines on voit

143.0 3061.0 1913.0 199.0 que la ville antique devait être Cinq fois

140.0 3175.0 1958.0 221.0 plus grande que la ville actuelle. Nimes

137.0 3293.0 1986.0 184.0 couvrait un espace de 320 hectares environ

134.0 3393.0 2034.0 199.0 (Blanchet, p. 208) L enceinte romaine de Tou¬

112.0 3522.0 2045.0 194.0 louse aurait eu un perimetre de 3 Kilometres.

143.0 3674.0 590.0 170.0 (Ibid 202 n.)

160.0 3727.0 2018.0 216.0 Et Hartmann admet encore pour Milan à l'é¬

154.0 3867.0 1660.0 165.0 poque de Théodoric 30 000 habitants.

170.0 3940.0 1942.0 197.0 Les villes avaient souffert des invasions, c'est

160.0 4027.0 2005.0 227.0 entendu. Des ponts avaient croulé et avaient

157.0 4151.0 2022.0 202.0 été remplacés par des ponts de bâteaux. Mais

171.0 4241.0 2053.0 211.0 elles existaient encore toutes. Les évêques d'ail¬

168.0 4384.0 1657.0 192.0 leurs y avaient fait des réparations.

193.0 4465.0 2194.0 208.0 il n'est pas douteux que de même qu'elles étaient

191.0 4615.0 1924.0 168.0 les centres de l'administration religieuse

196.0 4727.0 1933.0 164.0 et civile, elles étaient aussi des centres de

208.0 4836.0 1929.0 152.0 commerce permanents. A ce point de vue

2255.0 1292.0 1686.0 236.0 Il y a encore industrie du verre. De Loe

2210.0 1398.0 1804.0 197.0 me dit que les verres dit tombes merov. sont

2191.0 1508.0 1657.0 166.0 nombreux. Il n'y en a pl. sous les Carol

2224.0 1569.0 1654.0 209.0 Puis pr la verrerie, j'ai un texte de Béd

2252.0 2013.0 1750.0 208.0 Il y aurait eu à Paris d après Venantius

2244.0 2115.0 1652.0 186.0 des maisons construites sur les ponts.

2289.0 2279.0 472.0 111.0 Dell, p.266

2261.0 2283.0 1750.0 258.0 La population etait donc très resserrée et

2236.0 2379.0 1805.0 272.0 peut etre les gdes maisons (C à Marseille)

2233.0 2575.0 963.0 158.0 n etaient pas rares.

2247.0 3550.0 1685.0 229.0 On voit p. Lex Visig. III 4.17. que les

2146.0 3665.0 1842.0 233.0 prostituées professionnelles libres et esclaves

2154.0 3803.0 1450.0 188.0 abondaient ds les villes espagnoles.

2241.0 4120.0 863.0 163.0 La poste subsiste.
