4090 5142
3475 156 374 168 113

142 48 1935 164 Etats barbares, comme elle se survit par sa

134 182 380 135 langue.

140 259 1975 191 Et cette langue est essentiellement une langue

134 357 1980 154 vivante. Le latin littéraire ne se conserve pl

908 484 116 77 que

142 482 1981 127 et encore abatardi dans la littérature. Dans

133 551 2070 157 l'usage courant il s'y est substitué une langue

135 657 2065 126 pleine d'incorrections, infidèle à la grammaire,

134 742 1932 128 pleine de solécismes, mais qui n'en est pas

128 822 2007 140 moins du latin authentique et vivant. C'est

138 918 2025 141 ce que les lettrés appellent le latin rustique, Voy.

137 1019 2023 137 plus haut. Mais ils s'y prêtent et ils l'employent,

144 1102 2016 190 surtout en Gaule, parce qu'il est la langue cou¬

134 1179 1969 177 rante, celle de tous. Et l'administration fait

135 1294 1925 173 comme eux. C'est sans doute ce latin là

134 1402 2026 166 qu'on enseignait dans les petites écoles. Pas

130 1514 1967 160 texte ne nous montre, comme ce sera le

135 1619 2057 172 cas au IXe siecle, qu'à l Eglise le peuple ne com¬

134 1716 2023 167 prend plus le prêtre. Il y a barbarisation si on

145 1819 1950 163 veut de la langue - barbarisation qui n'a

165 1911 2021 194 d'ailleurs rien de germanique, mais la langue

160 2059 403 135 subsiste.

155 2088 1951 229 C est elle qui fait, jusque dans le courant

143 2233 1760 183 du VIIIe siecle, l unité de la Romania.

133 2373 1193 178 (Cf. Lot ds Muller Taylor).
