3960 5049
3305.0 47.0 553.0 353.0 137

107.0 42.0 1930.0 172.0 tation à l'époque carolingienne. On n'i¬

89.0 155.0 2002.0 156.0 gnore pas d'ailleurs que beaucoup d'ecclé¬

88.0 246.0 2025.0 156.0 siastiques de la Francia se rendaient en Orient

79.0 341.0 1891.0 159.0 pour y vénérer les sanctuaires de la Pales¬

82.0 438.0 2028.0 193.0 tine et qu'ils en revenaient pourvus non seu¬

86.0 521.0 1934.0 177.0 lement de reliques mais sans doute aussi

81.0 622.0 1667.0 181.0 de manuscrits et d'Ornements d'Eglise.

126.0 757.0 1861.0 175.0 C est un fait bien connu que Haroun al

89.0 862.0 1951.0 181.0 Rachid curieux de gagner Charlemagne à sa

61.0 965.0 2046.0 163.0 lutte contre les Ommiade lui dona le tom¬

78.0 1063.0 1925.0 193.0 beau du Christ et un vague protectorat sur

77.0 1166.0 624.0 170.0 les lieux saints.

109.0 1267.0 1994.0 169.0 Mais tous ces faits, si intéressants qu'ils soient

71.0 1384.0 1983.0 150.0 pour l'histoire de la civilisation ne le sont

62.0 1482.0 2037.0 152.0 pas pour l histoire économique. L emgration

80.0 1577.0 1951.0 148.0 de savants et d'artistes n etablit en rien l'e¬

79.0 1683.0 1992.0 151.0 xistence de relations commerciales entre leur

59.0 1767.0 2031.0 172.0 pays d'origine et ceux où ils viennent chercher

76.0 1867.0 2003.0 180.0 un refuge. Le XVe siecle qui vit tant d erudits

84.0 1969.0 1900.0 195.0 byzantins fuir en Italie devant les Turcs

74.0 2084.0 1929.0 169.0 n'est-il pas précisément l'époque où Cons¬

69.0 2185.0 1923.0 169.0 tantinople cesse d'être un grand port ? Il

54.0 2291.0 1985.0 170.0 ne faut pas confondre avec la circulation des

64.0 2408.0 1951.0 147.0 marchandises, < celle des oeuvres d'art n'ont >

59.0 2496.0 1933.0 151.0 < plus que > celles des pèlerins, des erudits et des ar¬

43.0 2583.0 1905.0 167.0 tistes. La première suppose une organisation

58.0 2686.0 1966.0 151.0 des transports et des relations permanentes d'in¬

63.0 2779.0 2008.0 152.0 portation et d exportation, la seconde s'effec¬

56.0 2872.0 2017.0 182.0 au hasard des circonstances. Pour que l'on

58.0 2972.0 1965.0 160.0 soit en droit d'affirmer la persistance de la

36.0 3066.0 1973.0 184.0 navigation Syrienne et orientale dans la mer

51.0 3155.0 1989.0 194.0 Tyrrhénienne et le golfe de Lyon après le VIIe siècle,

59.0 3265.0 1964.0 169.0 il faudrait montrer que Marseille et les

53.0 3363.0 1959.0 148.0 ports d Provence sont demeurés en rap¬

34.0 3462.0 2036.0 164.0 ports après cette date avec le Levant. Or le der¬

51.0 3579.0 1922.0 187.0 nier texte que l'on puisse invoquer à cet

57.0 3654.0 2022.0 171.0 égard c'est la charte de Corbie de 7I6 . A l'en

57.0 3779.0 1907.0 178.0 croire l entrepôt du fisc à Marseille ou à

58.0 3855.0 1926.0 218.0 Fos à cette epoque est encore plein d'épices

36.0 4016.0 2035.0 169.0 et d'huile c a d des produits originaires d'Asie

29.0 4127.0 2039.0 189.0 et d'Afrique. Je crois pourtant qu'il n'y a là

43.0 4252.0 2014.0 142.0 qu'un archaïsme. Nous avons à faire à une

35.0 4345.0 1946.0 175.0 confirmation qui a pu reproduire tels quel le

43.0 4438.0 2019.0 155.0 texte antérieur. Il est impossible que l huile d A¬

48.0 4536.0 2011.0 160.0 frique ait encore pu être importée à cette époque

40.0 4632.0 1983.0 170.0 a moins qu'on n admette que le cellarium fisci

41.0 4722.0 2033.0 169.0 vivait sur ses stocks. En tous cas, C'est la der¬

2175.0 911.0 1669.0 210.0 D après Klein Klausz (brochure que j'ai) Haroun

2141.0 981.0 1636.0 229.0 ne donna que le tombeau. Bédier reprenant

2118.0 1061.0 1746.0 234.0 la question Rev hist, 1928 pense que sans qu il y ait

2122.0 1167.0 1726.0 197.0 la concession de protectorat, Haroun a concédé

2141.0 1250.0 1563.0 206.0 à Charles une "autorité morale" sur ses

2250.0 1409.0 435.0 114.0 Chrétiens.

2483.0 2990.0 1325.0 218.0 En 696 cepend. S. Denys a échangé

2513.0 3116.0 1272.0 149.0 ses 100 vases d'huile contre une

2374.0 3318.0 1406.0 169.0 La m. aussi ratificat pr l huile de

2603.0 3256.0 248.0 81.0 villa.

2303.0 3450.0 1511.0 153.0 S Denys. Buchner p.48 conclut que

2239.0 3542.0 1611.0 135.0 le commerce existe encore à cette date

2256.0 3645.0 745.0 130.0 mais plus après.

2108.0 3758.0 1680.0 185.0 Voy p. 139 qu'il ne peut pl y avoir de

2120.0 3871.0 1438.0 181.0 papyrus en cellarium en 716.
