4090 5056
3647.0 139.0 227.0 244.0 15

84.0 92.0 2036.0 146.0 En somme on se demande comment l'Em¬

75.0 216.0 2037.0 151.0 pire a pu durer si longtemps et on ne peut

70.0 297.0 2045.0 157.0 s empecher d'admirer son obstination à résis¬

59.0 407.0 2044.0 178.0 ter à la fortune. Un Type comme Majorien qui

70.0 514.0 2014.0 183.0 reprend Lyon aux Burgondes et marche sur

106.0 586.0 1978.0 197.0 Genséric par l'Espagne est digne d'estime.

101.0 697.0 2018.0 179.0 Et pour se défendre on n'a que des fédérés qui

84.0 792.0 2039.0 188.0 lachent comme les Wisigoths et les Burgondes

84.0 899.0 2025.0 195.0 le font enfin et des troupes de mercenaires

70.0 977.0 2057.0 219.0 dont la fidélité supporte pas le malheur

84.0 1069.0 2024.0 207.0 Et l'Orient menacé lui-même le long du

89.0 1168.0 2023.0 187.0 Danube ne peut rien. Son seul effort est

75.0 1270.0 2043.0 230.0 contre Genséric. Sûrement si les barba¬

75.0 1362.0 1978.0 188.0 res avaient voulu détruire l Empire ils

88.0 1445.0 2108.0 220.0 n'avaient qu'à s'entendre et c etait fait.

109.0 1601.0 1430.0 183.0 Mais ils ne le voulaient pas.

101.0 1688.0 2036.0 202.0 Après Majorien il n'y a plus à Ravenne que

96.0 1788.0 2013.0 193.0 des empereurs falots vivant à la merci des

84.0 1887.0 1991.0 180.0 maitres barbares et leurs troupes de Suèves

81.0 1974.0 1964.0 233.0 Ricimer (+472) le burgonde Gundobald qui,

51.0 2092.0 2130.0 195.0 retourné chez lui pour devenir roi est remplacé

84.0 2199.0 2045.0 194.0 p. Oreste d origine hunnique. Les soldats de¬

81.0 2281.0 2022.0 207.0 mandent des terres. Oreste refusant ils l'as¬

75.0 2410.0 2079.0 179.0 sassinent et proclament roi un de leurs generaux

80.0 2509.0 2099.0 225.0 Odoacre. Il n'a en face de lui que Romulus Au¬

92.0 2606.0 1995.0 216.0 gustule, créature d'Oreste, qu il envoye à la

78.0 2715.0 2042.0 221.0 villa de Lucullus au cap Misène. Zénon en O¬

87.0 2845.0 2123.0 186.0 rient, faute de mieux, le reconnait comme pa¬

98.0 2915.0 2250.0 208.0 trice. Mais c'est provisoire. En fait rien n'est changé.

198.0 3035.0 1287.0 124.0 odoacre est un fonctionnaire imperial.

112.0 3058.0 2031.0 180.0 En 488 pour detourner les Ostrogoths de la

105.0 3195.0 1933.0 174.0 Pannonie où ils sont menaçant, il les

84.0 3283.0 2126.0 177.0 lance sur l'Italie pour la lui reprendre, em¬

92.0 3376.0 2107.0 232.0 ployant Germains contre Germains. Et c'est alors

92.0 3491.0 2051.0 210.0 en 489 Verone, puis en 490 de l'Adda et enfin

92.0 3600.0 2042.0 204.0 en 493 la prise et l'assassinat d'Odoacre à

92.0 3704.0 2045.0 224.0 Ravenne. Théodoric, avec l autorisation de

87.0 3811.0 2098.0 185.0 Zenon prend le gouvernement d l'Italie en res¬

95.0 3954.0 2023.0 151.0 tant roi de son peuple. C'est fait, il n'y aura

98.0 4047.0 2045.0 183.0 plus d empereur en Occident (sauf un moment

98.0 4204.0 1477.0 136.0 au VIe s.) avant Charlemagne.

112.0 4306.0 1997.0 177.0 En fait tout l Occident est une mosaïque

101.0 4432.0 1913.0 193.0 de Royaumes barbares : Ostrogoths en Italie,

120.0 4550.0 2037.0 164.0 Vandales en Afrique, Suèves en Galice Wisigoths

143.0 4666.0 1994.0 155.0 en Espagne et Sud d l Loire, Burgondes dans

126.0 4791.0 1997.0 139.0 la vallée du Rhône. Au Nord d l Gaule ce qui

2159.0 865.0 1807.0 220.0 et que la possession de l'Afrique et des îles  p les Vandales

2131.0 193.0 1529.0 233.0 Sur Majorien (457-461) qui a encore

2129.0 316.0 1299.0 231.0 un idéal d Etats Voy. Lot - Glotz p.86.

2151.0 1028.0 1057.0 141.0 empêche de bien ravitailler

2252.0 1216.0 1694.0 239.0 Halphen p. 35 se manque qd il parle des efforts

2235.0 1384.0 1190.0 160.0 "methodiques" des barbares.

2555.0 1525.0 1383.0 233.0 Voy. Schmidt Stämme p 317 c est pcq les

2369.0 1616.0 1630.0 236.0 magasins imperiaux ne peuvent les ravitailler.

2194.0 1696.0 1724.0 221.0 Toujours la Mediterranée ! Ils voulaient être casés

2146.0 1795.0 1497.0 188.0 mais tout en restant soldats romains

2285.0 1988.0 1636.0 181.0 Celui-ci dépose Julius Nepos et donne le trône

2179.0 2088.0 1512.0 175.0 à son propre fils Romulus Augustule.

2253.0 2397.0 1727.0 223.0 23 août 476 Odoacre est un Skire. Ses sol¬

2508.0 2516.0 1475.0 174.0 dats ne sont pas un peuple mais des gens

2502.0 2610.0 1411.0 162.0 de toute sorte. Il est roi mais non

2488.0 2662.0 1561.0 179.0 national. C'est un pronunciamiento

2457.0 2772.0 1554.0 166.0 militaire. Od renvoie les insignes

2449.0 2865.0 1427.0 155.0 imper. à Constantinople ; il ne les

2477.0 2982.0 832.0 127.0 prend pas pour lui.

2152.0 3056.0 1824.0 241.0 quoiqu ils y aient été établi c. fédérés après le + de

2443.0 3165.0 1516.0 171.0 leur maître Attila (Halph. 45) En 487 ils

2426.0 3263.0 1453.0 152.0 avaient menacé Constantinople

2463.0 3335.0 1509.0 197.0 (ibid. 46) Leur roi Theodoric recoit le

2474.0 3478.0 669.0 125.0 titre de patrice.

2306.0 3909.0 1459.0 199.0 qui enfin est casé suivant la tercia.
