3993 5058
3352.0 8.0 483.0 258.0 206

75.0 26.0 1964.0 126.0 moderne et auquel remonte l'organisation

61.0 105.0 2055.0 152.0 monétaire qui y existe encore en partie au¬

50.0 196.0 1971.0 145.0 jourd'hui dans le domaine de la livre sterling.

61.0 300.0 1944.0 134.0 Les Carol. ne continuent pas les Mérov. Entre

60.0 417.0 1964.0 127.0 les uns et les autres il y a un contraste com¬

41.0 533.0 1532.0 129.0 plet, celui de l'Or et de l'argent.

75.0 644.0 2014.0 141.0 Que le grand commerce ait disparu et que cette

41.0 731.0 2014.0 153.0 disparition explique celle de l'or, c'est ce qu'il

48.0 841.0 2043.0 151.0 faut montrer maintenant avec quelque dé¬

33.0 969.0 1198.0 155.0 tail puisqu'on en doute.

25.0 1049.0 2024.0 164.0 Ce grand commerce on l'a vu et tout le monde

31.0 1148.0 2026.0 154.0 l'admet s entretenait par la navigation de la

33.0 1251.0 1972.0 165.0 méditerranée occidentale. Or on a montré plus

33.0 1344.0 1991.0 200.0 haut que l'Islam, dans le courant du VIIIe s.

29.0 1430.0 1958.0 184.0 a fermé la mer à la navigation chrétienne

24.0 1547.0 2033.0 158.0 partout où la flotte byzantine n'a pu la pro¬

51.0 1654.0 1996.0 165.0 téger. Et les invasions arabes du VIIIe siècle en

21.0 1749.0 1973.0 172.0 Provence avec l'incendies des villes par Charles

27.0 1854.0 2064.0 162.0 Martel ont fait le reste. Pepin a bien <......>

41.0 1963.0 1960.0 147.0 <........ . .. .. ...... ....> rétabli en 752

31.0 2048.0 1953.0 153.0 son pouvoir sur Nimes, Maguelonne, Agde et

16.0 2132.0 2049.0 191.0 Béziers qui lui ont été livrées par Ansemundus

28.0 2221.0 2039.0 194.0 Gotus (Richter II, 1. Oelsner, 339-40). Il y avait

61.0 2347.0 2021.0 139.0 dans ces villes wisigothiques des garnisons sar¬

24.0 2429.0 2054.0 161.0 rasines. La population dut se soulever contre

26.0 2525.0 1987.0 159.0 elles. Narbonne tint plus longtemps ; c'est

0.0 2613.0 2011.0 173.0 seulement en 759 que les habitants massa¬

29.0 2728.0 2059.0 171.0 crent la garnison et consentent à recevoir une

43.0 2802.0 2024.0 178.0 garnison franque à condition de conserver leur

41.0 2914.0 1988.0 160.0 droit national (Richter II, 16). Peu de temps

46.0 2963.0 2188.0 218.0 après, en 765, le fondation du califat omeniade ?

43.0 3103.0 2119.0 175.0 en Espagne fait que les relations d l'Etat Carol.

41.0 3210.0 2143.0 148.0 avec l'Islam seront plus paisibles, les deux par¬

49.0 3293.0 2002.0 173.0 tis cherchant a être bien avec eux. Mais ni

29.0 3409.0 2120.0 159.0 cette accalmie ni la reprise de la côte du golfe

48.0 3525.0 2018.0 175.0 de Lyon n'a ranimé le commerce mariti¬

42.0 3639.0 236.0 129.0 me.

36.0 3717.0 2018.0 163.0 Les Carolingiens n'ont pas de flotte. Ils ne peu¬

20.0 3830.0 2071.0 171.0 vent donc nettoyer la mer des pirates qui l in¬

41.0 3947.0 341.0 138.0 festent.

23.0 4038.0 1995.0 177.0 En 797 Barcelone (Richter II 136) et en 799 les

11.0 4161.0 2084.0 170.0 Baléares que les Sarrasins viennent de dévas¬

52.0 4256.0 2068.0 157.0 ter se donnent à Charles (lb<.>d<.> 144). Mais il n'en

43.0 4362.0 1956.0 158.0 résulte rien. En 813 les Maures ravagent

46.0 4431.0 3119.0 192.0 la Corse, Sardaigne, NiCe, Civita Vecchia (Ibid. 202) Add Abel Simson II 523

41.0 4562.0 2029.0 179.0 En 828 expédition inutile contre Utique de

59.0 4700.0 1999.0 146.0 Boniface le Toscane dont il a été question pl

62.0 4787.0 2096.0 205.0 haut (Ibid II 260). Que pouvait Charles ? Il fait

2170.0 3255.0 1686.0 154.0 Charles a été au mieux av Haroun de 797 à

2152.0 3371.0 1841.0 165.0 809 + d Haroun (Kleinclausz 342) ce qui l au¬

2125.0 3461.0 1303.0 138.0 ra brouillé avec les Barmécides.

2680.0 3947.0 328.0 102.0 d'Italie

2281.0 3982.0 1686.0 164.0 806 Pepin <...........> chasse les Maures de

2218.0 4082.0 1758.0 143.0 Corse avec une flotte italienne (Ibid. II 172)

2218.0 4193.0 1726.0 141.0 809-10 Les Maures s emparent de Corse et

2541.0 4298.0 923.0 121.0 Sardaigne (II 184-5)
