3978 5058
3370 76 498 332 163

60 16 1969 170 qui rend étrange ces apparitions de grecs

38 137 1132 124 sur le trône de s. Pierre.

67 226 1931 178 C'est que depuis la paix avec les Lombards,

54 332 1961 157 il n'y a plus en Italie Byzantine qui des troupes

58 426 2073 154 locales, les autres étant employées contre l'Is¬

0 514 2079 143 lam . Or étant isolées leur obeissance est vacil¬

31 599 2025 159 lante. A Rome, elles prennent part avec le clergé

25 713 2025 125 à l'election des papes et c'est sans doute parceque

37 803 2033 139 beaucoup de leurs chefs sont hellénisés, ainsi que

31 896 2053 153 beaucoup de prêtres, que s'expliquent ces nomi¬

39 990 1993 144 nations syriennes. Car non seulement elles

37 1081 2025 154 n'obéissent pas à l'exarque, mais pas même

29 1189 2057 152 à l'empereur. En 692, quand le pape Sergius

19 1279 2098 163 refuse d'apposer sa signature au bas des actes

18 1383 2024 157 du concile in Trullo (quinisexte) qui contient

21 1475 2042 163 des clauses opposées aux usagés de Rome, Justi

31 1590 2150 158 nien II ordonne qu'on l'arrête et qu'on l'amène

31 1682 2075 162 à Constantinople. Mais la milice romaine

32 1782 2124 171 se soulève et le commissaire impérial ne doit

50 1899 2035 165 qu'à l'intercession du pape de ne pas être

49 2036 655 117 mis à mort.

50 2090 2003 190 Cette indépendance de fait du pape à Rome

38 2221 2040 164 qui est donc tout à la fois le chef religieux,

26 2333 2072 159 civil et militaire laisse intacte son ap¬

33 2461 1972 150 partenance à l'Empire et il le faut bien

36 2575 2001 159 puisque l'Empereur ne cesse pas de le consi¬

38 2670 2064 163 dérer comme le premier personnage de l'Eglise

7 2791 2043 130 et que lui même ne veut pas renoncer à

21 2867 1949 173 présider l'Eglise universelle dont la plus

34 3002 1996 152 grande partie en ce moment où l'Afrique

31 3104 1992 155 est conquise et l'Espagne, consiste dans

41 3200 1917 152 l Orient. Sous le second règne de Justinien

33 3294 1941 188 II, le pape Constantin, le dernier pape qui

26 3401 2001 180 fut appelé dans la capitale de l'Empire, fut

44 3517 1960 170 traité avec les plus grands honneurs. L Emp. se

36 3607 1982 177 serait prosterné devant lui et aurait baisé

26 3709 1947 183 ses pieds (Vassil I. 297) Une fois encore on

14 3808 2006 179 conclut un arrangement satisfaisant, la

32 3925 1017 159 paix était rétablie.

46 4020 2051 167 Cependant l'autorité temporelle de l'empe¬

24 4120 1981 162 reur sur l'Italie flanche de plus en plus. En

40 4214 1996 198 710 les troupes de Ravenne se révoltent et l'e¬

23 4341 1959 157 xarque est tué et remplacé par un chef que

35 4439 1976 173 se donnent les troupes (Hartm. II2 77). A Rome

26 4536 1998 177 en 711 l'avènement de Philippicus qui est mo¬

26 4647 2003 180 nothéliste provoque une émeute. Il était grand

47 4723 1965 208 temps des remettre les choses en ordre. Mais < la >

1985 3202 411 130 (705-711)

2360 1767 765 147 le protospathaire
