4042 5032
3630.0 149.0 219.0 182.0 10

41.0 20.0 1956.0 164.0 On ne les divise pas mais on les laisse en

46.0 121.0 2006.0 210.0 groupes compacts. C'est une opération bâclée

50.0 234.0 2036.0 168.0 On ne les a pas assigné de terres et ils sont dans

58.0 356.0 2082.0 172.0 de mauvaises montagnes où ils se révoltent dès

58.0 452.0 2086.0 177.0 l'année suivante 377. Le 9 août 378 à Constanti¬

50.0 557.0 2048.0 155.0 nople l Empereur Valens battu et tué. Toute

67.0 666.0 2014.0 181.0 la Thrace pillée sauf les villes qu'ils ne peuvent

62.0 779.0 2003.0 181.0 prendre. Constantinople résiste ici comme

54.0 868.0 1969.0 192.0 plus tard aux Arabes. Sans elle les Germains

54.0 985.0 1981.0 184.0 pouvaient S installer <...................>

54.0 1090.0 1977.0 193.0 <... .. ...... ... .. ..... .. .. .... ...>

1410.0 1186.0 239.0 84.0 Mésie

54.0 1186.0 2103.0 189.0 <.....> En 382 il les etablit en <...> après les avoir

54.0 1299.0 2069.0 185.0 vaincus. Ils y restent en groupe compact. Ils ont

58.0 1417.0 2061.0 184.0 remplacé durant la guerre et sans doute pour

67.0 1530.0 2056.0 180.0 des motifs militaires leurs ducs par un roi : Ala¬

67.0 1618.0 2031.0 197.0 ric. Rien de plus naturel qu'il ait voulu

71.0 1723.0 2119.0 210.0 s etendre et risquer la prise de Constantinople.

62.0 1815.0 2250.0 235.0 Il ne faut supposer là dedans comme fait Schmidt

71.0 1954.0 2015.0 176.0 sors la foi d'Isidore de Séville ! aucune vi¬

62.0 2046.0 2082.0 205.0 sée de constituer en Orient un Royaume Natio¬

58.0 2180.0 2070.0 172.0 nal germanique. Ces Goths se sentent forts et

67.0 2268.0 2019.0 180.0 en profitent, sans doute aussi sont-ils affa¬

71.0 2352.0 2094.0 184.0 més. Leur caractère germanique s'est déjà bien

71.0 2474.0 2057.0 180.0 affaibli par le nombre des esclaves et des aven¬

67.0 2578.0 2023.0 172.0 turiers qui sont venus se joindre à eux. A

67.0 2683.0 2094.0 172.0 leur égard l'Empire n'a pris aucune précau¬

79.0 2771.0 2015.0 181.0 tion si ce n'est sans doute la loi de Valenti¬

75.0 2897.0 2090.0 164.0 nien et Valens en 375 défendant sous peine

88.0 2985.0 2102.0 185.0 de mort mariage entre Romains et barba¬

92.0 3170.0 222.0 100.0 res.

109.0 3174.0 1960.0 239.0 que font-ils ? Ils pillent la Grèce, Athènes, le

117.0 3308.0 2006.0 193.0 Péloponnèse. Enfin Stilicon par mer va les com¬

92.0 3421.0 2048.0 181.0 battre et les refoule en Epire. Puis Arcadius les

100.0 3501.0 2405.0 222.0 autorise à s'installer toujours comme fédérés en Illyrie,

88.0 3635.0 2048.0 180.0 Ce qui semble assez heureuse ironie, et décora

92.0 3744.0 2006.0 176.0 Alaric du titre de magister militum per

92.0 3841.0 1981.0 176.0 Illyricum. Les voilà du moins écartés de Cons¬

92.0 3954.0 2061.0 172.0 tantinople. Mais proches de l Italie qui n a pas

100.0 4109.0 2095.0 117.0 encore été ravagée, ils s'y lancent en 401. Sti¬

113.0 4231.0 2098.0 100.0 licon les bat à Pollentia et à Verone et les re¬

104.0 4310.0 2074.0 130.0 foule en 402. D'après Schmidt il aurait envahi

113.0 4415.0 2061.0 143.0 l'Italie pour la réalisation de ses Universale

117.0 4524.0 2149.0 147.0 Pläne. Il suppose donc qu'avec les 10000 hommes

134.0 4621.0 1973.0 171.0 qu'il lui suppose il a eu l'idée de substituer

130.0 4734.0 2035.0 172.0 à l'Empire Romain un Empire Germanique.

2182.0 4.0 1784.0 218.0 ce qu'ils veulent, c'est la méditerranée. Ils ne

2178.0 83.0 1796.0 239.0 veulent pas être comme les Francs en Toxandrie.

2182.0 410.0 1805.0 227.0 Tout ceci jusqu'au "casement" est la période

2111.0 511.0 1792.0 218.0 heroïque des invasions. Les germains sont l'é¬

2094.0 603.0 1784.0 231.0 tau des peuples encore à demi nomades, d'hommes

2086.0 687.0 1809.0 231.0 réunis en Sippen, attachés les uns aux autres par des

2086.0 872.0 562.0 121.0 liens du sang.

2329.0 1018.0 1549.0 202.0 aux bords de la mer et toucher ainsi

2312.0 1102.0 1629.0 252.0 le point vital de l'Empire. Mais Theodose

2300.0 1270.0 621.0 151.0 les en éloigne.

2224.0 1903.0 596.0 168.0 (Gaule note p.2)

2153.0 2310.0 1784.0 256.0 L'élément gothique doit s'être fort augmenté

2207.0 2427.0 1772.0 239.0 ampi par des arrivages d'au delà du Danube

2119.0 3027.0 1855.0 298.0 De nouveau, du bord de la mer ils sont re¬

2195.0 3233.0 743.0 209.0 partis au Nord.

2102.0 3786.0 504.0 214.0 Halph p.16
