4090 5056
185.0 84.0 1952.0 152.0 De tout cela résulte jusqu'à l'évidence

176.0 205.0 1922.0 125.0 un mouvement très actif de navigation

171.0 320.0 1932.0 138.0 sur la mer Tyrrhenienne, soit avec l'Orient,

168.0 421.0 1975.0 126.0 soit avec les côtes d Afrique. Carthage sem¬

174.0 530.0 2123.0 118.0 ble avoir été l'étape de relâche pour l'Orient.

161.0 618.0 2086.0 147.0 Il se faisait aussi un cabotage le long des côtes

168.0 735.0 2000.0 128.0 d Italie, de Provence et d Espagne. Les gens du

170.0 834.0 1981.0 183.0 Nord allant à Rome s'embarquaient à

165.0 940.0 1950.0 144.0 Marseille pour Porto. Les voyageurs pour

160.0 1030.0 2002.0 169.0 Constantinople allaient par mer. La route

160.0 1153.0 1943.0 141.0 d terre par le Danube, encombrée de barbares,

157.0 1252.0 2047.0 155.0 n etait pas fréquentée. On pouvait aussi aller

157.0 1370.0 2036.0 150.0 par Ravenne et Bari. Peut-être y avait-il une

171.0 1466.0 2031.0 177.0 navigation régulière entre Marseille et l Es¬

156.0 1587.0 2091.0 181.0 pagne analogue à celle de nos cargos. On peut

179.0 1707.0 1894.0 180.0 le conclure du Negotio solito de Grégoire

164.0 1825.0 1984.0 183.0 IX. 22 (p.381). Je crois qu'on peut dire que la

168.0 1954.0 1966.0 164.0 navigation est restée au moins aussi active

160.0 2044.0 2084.0 163.0 que sous l'Empire. Après Genséric on n'entend

167.0 2162.0 1959.0 152.0 plus parler de piraterie. Il n'y a plus eu un

159.0 2274.0 1461.0 145.0 tel spectacle avant le XIIe siècle.

188.0 2365.0 2059.0 171.0 Et de toute évidence le commerce est le grand

188.0 2499.0 2022.0 159.0 commerce en gros. Il est impossible d'en dou¬

183.0 2604.0 2005.0 143.0 ter si l'on tient compte du genre de ses impor¬

158.0 2698.0 1957.0 168.0 tations, de sa régularité et de la fortune à

167.0 2803.0 1577.0 146.0 laquelle arrivent les marchands.

214.0 2930.0 1951.0 167.0 Le seul port que nous connaissions bien,

171.0 3002.0 2000.0 166.0 Marseille, nous donne tout à fait l'im¬

179.0 3117.0 1961.0 190.0 pression d'un grand port. C'est d'abord une

174.0 3210.0 1946.0 191.0 ville de cosmopolite. On y trouve des Juifs et des

144.0 3320.0 1948.0 190.0 Syriens en quantité, sans compter d'autres

165.0 3433.0 1908.0 180.0 grecs et bien sûrement des Goths. Les Annales

142.0 3520.0 1953.0 234.0 Petaviani MGH SS I p.17 nous parlent d'un

163.0 3653.0 1980.0 175.0 negotiator Anglo-Saxon, Botto qui, son

159.0 3768.0 2015.0 170.0 fils etant mort en 790 doit y avoir été établi

132.0 3873.0 2053.0 144.0 au commencement du VIIIe siecle c a d à une

131.0 3940.0 2060.0 183.0 époque où la décadence commence. La ville

131.0 4067.0 2133.0 178.0 devait être très peuplée et avoir encore conser¬

161.0 4173.0 2007.0 170.0 vé de ces grandes maisons à étages comme

141.0 4281.0 2128.0 188.0 celles dont les ruines subsistent à Ostie. Gré¬

174.0 4393.0 2003.0 189.0 goire IX.22 (p.381) parle de 8 personnes qui

155.0 4509.0 1943.0 166.0 meurent dans une seule maison ce qui

137.0 4606.0 2009.0 189.0 permet s. d. de croire à une sorte de caserne

152.0 4695.0 468.0 189.0 de louage.

2169.0 814.0 718.0 121.0 Buchner p. 32.

2254.0 1235.0 614.0 132.0 Buchner p.33.

2219.0 2881.0 1797.0 208.0 L'importance de Marseille se déduit encore

2219.0 2977.0 1696.0 193.0 de son partage entre les rois et de l'im¬

2213.0 3064.0 1688.0 219.0 portance qu'ils y attachent. Lot. Glotz p.

2216.0 3258.0 402.0 157.0 258-259.

3563.0 76.0 297.0 342.0 71
