4090 5056
3605.0 67.0 454.0 228.0 43

221.0 92.0 2070.0 150.0 Il est évident que si les empereurs avaient

129.0 205.0 2014.0 137.0 Souffert l etablissement de Theodoric en

126.0 308.0 1994.0 141.0 Italie, c etait provisoirement et faute de

115.0 446.0 2017.0 132.0 mieux. Il est caractéristique qu'en 507

132.0 539.0 1966.0 140.0 une flotte byzantine avait empêché les Os¬

132.0 640.0 2047.0 140.0 trogoths de venir en temps au secours des Wisi¬

132.0 752.0 1980.0 144.0 goths. (Buchner, p.1). Contre les Ostrogoths,

134.0 865.0 2003.0 126.0 les Francs étaient donc les alliés tout dé¬

129.0 999.0 890.0 135.0 signés de Byzance.

134.0 1098.0 2104.0 150.0 Avant de mourir en 526, Theodoric avait com¬

134.0 1193.0 1989.0 177.0 me un empereur romain (Hartmann p.229) à la

132.0 1351.0 2045.0 134.0 divergence complète de la coutume germanique

132.0 1436.0 2042.0 156.0 désigné pour son successeur son petit fils A¬

129.0 1564.0 1986.0 129.0 thalaric agé de dix ans, sous la régence de sa

132.0 1670.0 2019.0 124.0 mère Amalasuntha Mais Athalaric étant

120.0 1749.0 2124.0 161.0 mort en 534 elle épouse son cousin Theodahad

126.0 1877.0 2076.0 128.0 pour conserver le pouvoir, lequel la fait périr

137.0 1997.0 275.0 140.0 en 535.

134.0 2098.0 2057.0 146.0 Ce fut là dit-on (Lot 204) le prétexte de l'in¬

140.0 2221.0 2056.0 138.0 tervention de Justinien. Est-ce bien un pré¬

143.0 2353.0 1986.0 107.0 texte Amalasuntha avait pris le pouvoir

132.0 2460.0 1974.0 101.0 avec son consentement et elle se montrait

126.0 2566.0 2022.0 122.0 si déférente qu'il pouvait espérer le retour de

140.0 2671.0 1955.0 118.0 l Italie sans tirer l'épée. Il envoie donc

140.0 2768.0 2003.0 155.0 Belisaire qui s'empare d'abord de la Si¬

111.0 2856.0 2035.0 180.0 cile. C'est toujours la reprise de la Méditer¬

129.0 3011.0 1974.0 134.0 ranée et le complément, si j'ose dire de la

137.0 3120.0 1697.0 146.0 reconquête de l'Afrique. (fin 535)

117.0 3229.0 2040.0 138.0 Belisaire acclamé par les populations mar¬

115.0 3353.0 2060.0 152.0 che au Nord, s'empare de Naples et entre à Rome

267.0 3501.0 1904.0 153.0 Mais il tombe brusquement sur une

112.0 3584.0 2056.0 186.0 résistance acharnée. Qu'est-ce-que c'est ?

119.0 3696.0 2063.0 172.0 Ce n'est pas une résistance nationale de

123.0 3828.0 1992.0 157.0 Goths, c'est un effort de l'armée casée pour

123.0 3936.0 1978.0 164.0 conserver ses terres et ses privilèges. Car il

134.0 4056.0 1995.0 157.0 faut craindre que Bélisaire ramenant

151.0 4153.0 2017.0 175.0 le gouvernement de Rome la traite comme

143.0 4237.0 1986.0 208.0 Theodoric avait traité Odoacre. Je ne vois

128.0 4364.0 2043.0 177.0 là dedans aucune influence de l'Arianis¬

132.0 4500.0 1991.0 178.0 me. Mais je ne vois non plus pas trace de

134.0 4597.0 1894.0 206.0 sentiment germanique. Pour l'y voir, il

129.0 4713.0 1915.0 194.0 faut l'y mettre. Car enfin il n'y en a pas

129.0 4839.0 2028.0 177.0 trace. Mais les soldats avaient bien raison de

2269.0 1241.0 537.0 140.0 Lot p. 303.

2197.0 3348.0 289.0 126.0 (536)
