4090 5056
3584.0 85.0 258.0 217.0 78

179.0 70.0 1964.0 174.0 Qu'il y ait eu aussi en Italie des marchands

157.0 188.0 1989.0 160.0 de profession n'est pas douteux par les men¬

146.0 278.0 1962.0 188.0 tions qu'on a ds marchands lombards qui

162.0 367.0 2040.0 194.0 doivent servir à l'armée. Ils forment donc

152.0 483.0 1963.0 188.0 bien une classe sociale indépendante vi¬

146.0 592.0 1941.0 183.0 vant de vente et d'achat La preuve qu ils

128.0 699.0 2040.0 181.0 sont très nombreux c est que leur service

151.0 825.0 1674.0 160.0 militaire est règlementé à part.

164.0 936.0 1998.0 158.0 Ces marchands sont évidemment les suc¬

162.0 1050.0 1936.0 160.0 cesseurs de ceux en faveur desquels Théo¬

161.0 1168.0 1889.0 181.0 doric légiférait "ne genus hominum

151.0 1292.0 1947.0 119.0 quod vivit lucris ad necem possit per¬

156.0 1362.0 2110.0 206.0 venire" (Cassiod. Var. II et Mgh Auct. ant.

160.0 1507.0 1705.0 172.0 XII ut p Dopsche Grundlagen, II 429)

154.0 1587.0 1952.0 202.0 Doren Ital. p. 122 fait remarquer quel les

141.0 1690.0 1929.0 202.0 mds lombards d'Astolphe doivent être plus

144.0 1814.0 1999.0 176.0 anciens, car ils apparaissent dejà divisés en plu¬

141.0 1898.0 1977.0 213.0 sieurs catégories. Il voit que la conquête lom¬

151.0 2008.0 2042.0 168.0 barde et l'anarchie les avait momentané¬

140.0 2095.0 2111.0 205.0 ment fait disparaître. Ils s'expliquent d'ail¬

156.0 2223.0 1638.0 167.0 leurs par Venise et Conmachio.

224.0 2334.0 1924.0 188.0 Il n'est pas douteux que le commerce ait pro¬

178.0 2466.0 1962.0 188.0 voqué de grands bénéfices. Il semble par Greg.

156.0 2578.0 1985.0 191.0 X 21 p. 434 que le butin fait en Poitou sur des

146.0 2665.0 1960.0 184.0 mercatores pillés par les fils de Wado ait été

171.0 2812.0 893.0 137.0 très considérable.

174.0 2884.0 2045.0 180.0 Mais nous avons des preuves plus certaines.

210.0 2997.0 2239.0 219.0 Nous avons dans le Bant I p 41 l inscript. de 601.

160.0 3137.0 1932.0 204.0 du sarcophage d'un marchand de Lyon,

174.0 3247.0 1956.0 216.0 nommé Agapus, "neguciator". Sur lui

174.0 3348.0 1956.0 202.0 Coville, p. 534. Il était certainement fort

174.0 3429.0 1963.0 214.0 riche, car son épitaphe le dit la consolation des

175.0 3607.0 1373.0 175.0 affligés et le refuge des pauvres.

172.0 3716.0 1946.0 212.0 626 Johannes negucians lègue des pro¬

157.0 3828.0 1958.0 181.0 prietés à l abbaye de S. Denys, divers églises

162.0 3935.0 2034.0 160.0 du diocèse de Paris et des parents. Havet Oeuvres

154.0 4044.0 2020.0 183.0 p.229 (texte définitif). Le roi confirme ce qui

148.0 4168.0 1385.0 163.0 indique une chose importante.

199.0 4259.0 1902.0 229.0 Fortunat a fait l épitaphe du marchand

165.0 4382.0 1930.0 209.0 Julianus qui est vanté pour se larges au¬

163.0 4530.0 1247.0 171.0 mônes (Le Blant II p. 520)

183.0 4626.0 1909.0 191.0 651 Léodebode abbé de S. Aignan à

182.0 4753.0 2042.0 218.0 Orléans lègue "quod de heredibus Pauloni

2381.0 244.0 244.0 152.0 p.77

2407.0 144.0 210.0 100.0 Add

2112.0 758.0 1289.0 174.0 Cités ds l edit d Astolphe 750.
