4090 5056
3697.0 4.0 236.0 392.0 69

134.0 58.0 1948.0 152.0 grâce à Grégoire nous possédons sur la

126.0 155.0 2015.0 165.0 Gaule ne doit pas nous faire illusion sur la

126.0 257.0 2075.0 143.0 consommation certainement plus importante

134.0 341.0 1957.0 185.0 qui s'en faisait en Italie et en Espagne et

130.0 450.0 2020.0 160.0 que devait donc alimenter une importa¬

134.0 577.0 1383.0 139.0 tion singulièrement active.

299.0 648.0 1906.0 173.0 Une autre denrée figurait aussi très lar¬

134.0 754.0 2083.0 168.0 gement dans le commerce du temps. C'était

126.0 884.0 2003.0 148.0 l'huile. Elle était de besoin courant pour

126.0 998.0 2053.0 143.0 l'alimentation tout d'abord, car il semble

126.0 1091.0 2024.0 177.0 bien que jusque dans la Gaule méridionale

139.0 1192.0 1977.0 181.0 la cuisine se faisait surtout à l'huile,

139.0 1297.0 1998.0 181.0 comme en Espagne et en Italie. Les oliviers

139.0 1411.0 2053.0 190.0 indigènes ne suffisaient pas à la consom¬

143.0 1542.0 2003.0 151.0 mation. Il fallait s'adresser au dehors. Or

147.0 1634.0 2020.0 173.0 l'Afrique était le grand producteur dans

151.0 1769.0 2050.0 135.0 l'Empire et devait le rester jusqu'à la con¬

151.0 1858.0 2033.0 139.0 quête musulmane. <.... ....> Il le fallait

151.0 1971.0 1965.0 156.0 d'autant plus que le luminaire des Eglises

156.0 2077.0 1973.0 164.0 à cette époque, et sans doute justement à

160.0 2165.0 1935.0 181.0 cause de l'abondance de l'huile se faisait

168.0 2283.0 1961.0 156.0 non en cire comme plus tard, mais juste¬

164.0 2380.0 1952.0 169.0 ment en huile. On l'expédiait d'Afrique

156.0 2498.0 1943.0 156.0 dans des Orca. Theodoric entre 509 et 511 é¬

181.0 2599.0 2024.0 164.0 crit à l'eveque de Salone (Cassiodore Var.

139.0 2717.0 2024.0 164.0 III 7 ds MGH. Auct. Antiq. XII.83 comuniqué

151.0 2839.0 2033.0 152.0 N. Kugener) pour lui recommander la mar¬

156.0 2940.0 1985.0 182.0 chand Johannes qui a fourni à cet évêque

181.0 3050.0 2032.0 177.0 "sexaginta orcas oléa ad implenda lumi¬

168.0 3181.0 2092.0 151.0 naria" et dont il demande à être payé.

164.0 3282.0 2053.0 156.0 Et la suite de la lettre montre que ce n'était

168.0 3387.0 1881.0 173.0 là qu'une parvitas, c a d une bagatelle.

156.0 3505.0 1935.0 156.0 Pour le commerce de l'huile à Marseille,

704.0 3623.0 210.0 93.0 notes

181.0 3623.0 1990.0 173.0 Voy. Buchner 44-45. Il s'appuye sur Grégoire

151.0 3737.0 2075.0 177.0 V. 5 p196 "O si te habuisset Massilia sa¬

160.0 3838.0 2091.0 173.0 cerdotem ! Numquam naves oleum aut re¬

181.0 3973.0 2032.0 181.0 liquas species detulissent nisi cartam tan¬

156.0 4074.0 2070.0 189.0 tum quo majorem oportunitatem scribendi

172.0 4192.0 1932.0 156.0 ad bonas infamandos haberes n. Ailleurs

156.0 4280.0 2023.0 186.0 Grégoire IV. 43 p. 177 parle d'un marchand à qui

156.0 4390.0 1969.0 194.0 on a volé sur le quai 70 orca d'huile. Un di¬

649.0 4525.0 312.0 97.0 Clovis III

151.0 4516.0 2016.0 177.0 plôme de renouvelé en 716 donne

168.0 4634.0 2049.0 164.0 au monastère de S. Denys une rente annuelle

168.0 4740.0 1931.0 176.0 de 100 sous avec laquelle les Actores regii

2588.0 4070.0 1130.0 177.0 de 692 ( Cellarium p.1)

2378.0 4154.0 1577.0 194.0 ms qui remonte à Dagob. I +639.

2863.0 4268.0 1024.0 172.0 L'abbé renonça en 695.

2319.0 4365.0 421.0 172.0 cataplus
