3960 5049
3295 44 475 213 145

1942 115 177 118 3.

1476 256 1160 166 Venise et Byzance.

132 487 2022 174 L'expansion de l'Islam est venue mourir

95 618 2031 147 aux frontières d l'Empire Byzantin. Elle lui

89 724 2015 175 a enlevé ses prov. syriennes et égyptiennes,

86 803 2178 185 et africaines, profitant en partie de la différence

83 918 2055 170 de nationalités, mais le bloc grec a résisté.

82 1026 2045 177 C'est cela qui proprement a sauvé l'Europe.

91 1118 2019 197 C est peut-être le plus grand service rendu

85 1241 2045 160 par Constantin au christianisme. Et pour¬

90 1345 2093 155 tant le choc a été dur. Byzance attaqué deux

93 1439 2070 199 fois à l epoque de la pleine vigueur de l'Is¬

82 1544 256 157 lam.

92 1642 2060 192 Ce qui a fait énormément, c'est la flotte.

81 1745 2046 214 Hartmann reconnait que Byzance est la

90 1889 1529 161 grande puissance maritime.

90 1976 2031 193 Et de plus les Byzantins ont le feu grégeois.

146 2127 1950 155 On peut dire que l'invasion islamique a

86 2204 1996 169 été aussi décisive pour l'Orient que pour

77 2311 2050 167 Occident de l'Europe. Jusqu'à elle l'Empereurs

78 2422 2092 176 de Constantinople est encore l'empereur romain.

77 2510 2061 167 Justinien à cet égard est son représentant ca¬

74 2618 2036 178 ractéristique. Il veut maintenir toute la

63 2719 2008 168 Méditerranée. Après elle au contraire, il en est

79 2838 2082 157 réduit à la défensive dans les eaux grecques

82 2939 2020 191 en attendant qu'il appelle au XIe s. l'Occident

59 3034 2096 174 à la rescousse. L'Islam le fixe et l'absorbe

48 3133 2042 201 Là est l'explication de sa politique. Il ne peut

72 3284 2041 152 pl penser à l'Occident. De là Charlemagne qui,

54 3399 2084 152 par le pape et avant lui par Mahomet tire la

67 3492 1195 172 conclusion des évènements.

69 3593 2038 185 La politique byzantine ne dépassera plus l'I¬

49 3692 2064 226 talie dès qu'elle a perdu l'Afrique et Carthage

59 3822 2048 152 qu'elle s'est encore obstinée à défendre dans

47 3924 2091 160 des conditions désastreuses. Mais l'Italie m.

50 4019 2153 179 elle ne peut plus en conserver que les côtes. A l'in¬

42 4120 2051 180 térieur il n'est plus possibilité de résister

49 4240 2100 156 aux Lombards. De là la révolte du pays sur la¬

43 4339 2033 176 quelle nous reviendrons plus loin et dans un

33 4450 2114 171 avenir pl ou moins rapproché, le défection du pa¬

35 4539 2094 193 pe. On ne lutte plus que pour la Sicile, l'Adria¬

31 4644 2023 194 tique et les villes du Sud qui constituent des

26 4757 1991 176 avant-postes d'ailleurs de plus en plus autono¬

5 4853 212 162 mes.
