4090 5056
3457.0 4.0 476.0 210.0 34

109.0 64.0 2020.0 193.0 L'Organisation municipale romaine sub¬

98.0 224.0 1216.0 143.0 siste à Vienne et à Lyon.

101.0 272.0 2047.0 186.0 De même l organisation des impôts et celle

98.0 406.0 1758.0 169.0 de la monnaie sont toutes Romaines.

106.0 493.0 1972.0 192.0 Le roi, comme le roi Wisigothique paye des

109.0 647.0 1214.0 158.0 traitements à ses agents.

101.0 696.0 2025.0 216.0 Le roi inutile de le dire est soit entièrement

106.0 826.0 1832.0 193.0 romanisé, soit purement romain.

174.0 932.0 2151.0 207.0 Ainsi donc Ostrogoths, Wisigoths, Vandales.

109.0 1061.0 2087.0 221.0 Burgondes gouvernent à la Romaine. De

120.0 1166.0 2169.0 212.0 "principes germaniques" là dedans, pas trace,

115.0 1274.0 2045.0 216.0 ou si peu que rien. C'est sous des rois nou¬

112.0 1398.0 2048.0 177.0 veaux, l'Ancien Régime qui perdure, avec

119.0 1488.0 2032.0 178.0 bien des pertes sans doute. Une seule nou¬

109.0 1601.0 2042.0 189.0 veauté, l'armée gratuite grâce au partage

117.0 1688.0 2074.0 208.0 de terres. L Etat allégé de ce terrible budget

112.0 1809.0 2017.0 214.0 de la guerre qui écrasait les populations.

112.0 1902.0 2115.0 213.0 L Administration d'ailleurs devenue rudi¬

126.0 2025.0 2011.0 185.0 mentaire coute moins aussi. L'Eglise se

117.0 2131.0 2019.0 222.0 charge du reste. Mais encore une fois tout ce

148.0 2232.0 2096.0 203.0 qui vit et fonctionne est romain. Des ins¬

132.0 2338.0 2067.0 214.0 titutions germaniques : assemblée de libres,

126.0 2446.0 2008.0 188.0 il ne subsiste rien. Tout au plus, Ça et là, ds

137.0 2567.0 2099.0 192.0 le droit, des infiltrations germaniques wergeld.

140.0 2690.0 2076.0 163.0 Mais c'est un petit ruisseau qui se perd dans

135.0 2794.0 2123.0 172.0 le fleuve de la romanisation juridique : pro¬

140.0 2920.0 1949.0 153.0 cédure écrite, contrats, testaments etc.

146.0 3024.0 2022.0 158.0 L Occident rappelle ces palais italiens devenus

151.0 3106.0 2034.0 174.0 maisons de location et qui, si dégradés qu'ils

140.0 3235.0 2059.0 168.0 soient, conservent leur ancienne architecture

123.0 3342.0 2068.0 172.0 Décadence tant qu'on veut, mais c'est une

146.0 3421.0 2115.0 195.0 décadence romaine dans laquelle on ne voit

148.0 3525.0 2068.0 191.0 rien de nouveau. La seule caractéristique

151.0 3659.0 2121.0 182.0 des germains l Arianisme est lui même une

146.0 3766.0 2014.0 166.0 vieille hérésie sans rien d'original et qui n'a

162.0 3860.0 2022.0 218.0 eu guère de portée que chez les Vandales au dé¬

140.0 4054.0 219.0 94.0 but.

156.0 4108.0 2040.0 206.0 On croit qu'il en a été autrement chez les

162.0 4234.0 1998.0 196.0 Francs auxquels on attribue dès le début

151.0 4349.0 1978.0 181.0 une importance extraordinaire parce qu'ils

147.0 4436.0 2024.0 208.0 ont en effet refait l Europe à l'epoque Carolin¬

154.0 4555.0 1952.0 197.0 gienne. Mais en est-il ainsi au début? Je

157.0 4691.0 2076.0 188.0 crois qu'il faut répondre non très nettement.

2376.0 1862.0 792.0 154.0 mettre ceci à la fin

2268.0 4036.0 811.0 204.0 Cf. Brunner-Waitz

2251.0 4339.0 1632.0 238.0 Vy. Buchner Prov. p. 2 n.5. Clovis

2398.0 4511.0 922.0 151.0 prépare Charlemagne.
