3960 5049
3255.0 33.0 490.0 362.0 159

53.0 58.0 2002.0 190.0 Après Dagobert, il n'y a pl de politique étran¬

53.0 179.0 1501.0 141.0 gère ni en Italie, ni en Espagne.

68.0 248.0 1989.0 210.0 Et en Germanie la Thuringe devient indé¬

40.0 364.0 2013.0 158.0 pendante, la Bavière à peu près, les saxons dan¬

35.0 485.0 328.0 135.0 gereux.

42.0 542.0 1914.0 193.0 La plus grande expansion a été sans doute

39.0 656.0 1941.0 167.0 sous Theodebert auquel Schmidt attribue les

37.0 769.0 1967.0 160.0 projets insensés mentionnés ds les chapitres Jus¬

29.0 892.0 293.0 138.0 tiniens

1220.0 910.0 151.0 89.0 662

45.0 972.0 2033.0 155.0 Donc à partir de vers 630 l'Etat Mérovingien

37.0 1087.0 1968.0 153.0 se replie sur lui-même. Mais en même

24.0 1180.0 2021.0 160.0 temps il tombe en décadence. Sans doute

19.0 1272.0 1990.0 132.0 les luttes civiles incessantes entre rois ainsi

29.0 1372.0 2072.0 126.0 que le conflit Frédégonde Brunehaut, puis les

33.0 1458.0 1996.0 172.0 intrigues de Brunehaut jusqu'à sa mort

32.0 1549.0 2048.0 180.0 affreuse en 613 y ont contribué. Mais

38.0 1657.0 2049.0 180.0 il faut se rappeler que jusqu'en 613 les lut¬

52.0 1762.0 1986.0 149.0 tes civiles avaient été la règle générale. Ce

43.0 1877.0 2008.0 134.0 qui les rend plus graves cette fois-ci, ce sont les

22.0 1961.0 2081.0 134.0 continuelles minorités des rois tout d'abord.

17.0 2046.0 2101.0 177.0 En 715, quand Chilperic II monte sur le trône,

43.0 2169.0 2021.0 155.0 il y avait 25 ans qu'aucun roi n'y était plus

40.0 2260.0 1946.0 172.0 parvenu à l'âge d homme (Richter). Et ceci

44.0 2362.0 2057.0 177.0 s explique par la débauche et les excès vénériens

40.0 2462.0 2026.0 169.0 de ces princes qui peuvent tout se permettre.

62.0 2558.0 2057.0 163.0 En 656 Clovis II meurt fou. La plupart des autres

31.0 2667.0 2015.0 143.0 sont sans doute des dégénérés. Ils vivent sous

54.0 2747.0 1957.0 150.0 la tutelle de leur mère et parfois de leur tante.

43.0 2838.0 1975.0 158.0 Mais depuis Brunehaut, d'ailleurs Wisigothe,

51.0 2922.0 2019.0 158.0 ces femme sont prises pour leur beauté. La reine

50.0 3023.0 1986.0 143.0 Nautechilde est une puella de ministerio

51.0 3134.0 2019.0 154.0 que Dagobert a fait entrer dans son lit. Il en

33.0 3243.0 1997.0 163.0 résulte que le maire du palais devient tout

54.0 3330.0 1814.0 166.0 puissant. C'est le chogun chez les Japonais.

71.0 3429.0 1969.0 130.0 Et l'aristocratie cherche naturellement à

48.0 3501.0 2012.0 174.0 s'emparer de sa nomination. C'est un moyen

44.0 3601.0 1995.0 167.0 admirable pour elle de s'imposer à la royauté

42.0 3710.0 1995.0 150.0 ce qu'elle cherchait, comme toute aristocra¬

48.0 3804.0 893.0 178.0 tie, depuis toujours.

33.0 3891.0 1979.0 184.0 Tant que le roi avait été puissant, il l'avait

58.0 3986.0 1968.0 168.0 tenue en bride. Il nommait qui il voulait

57.0 4087.0 1982.0 157.0 dans les comtés. Et il faisait condamner qui il

60.0 4175.0 1941.0 177.0 voulait sous prétexte de lèse-majesté ce qui

48.0 4282.0 1960.0 165.0 à cause de la confiscation enrichissait son

65.0 4366.0 278.0 178.0 trésor.

60.0 4463.0 1976.0 194.0 Tant que le trésor lui avait fourni suffisament

58.0 4585.0 1941.0 152.0 de ressources, il avait eu d'ailleurs en main

37.0 4688.0 2002.0 163.0 un admirable instrumentum regni. Il faut re¬

36.0 4773.0 2025.0 198.0 marquer que tout le teloneum appartenant au

2057.0 694.0 1825.0 209.0 En 662-63 il y a encore une expédit franque

2151.0 820.0 1349.0 194.0 qui échoue (Hartmann III p.247)

2201.0 1973.0 1665.0 185.0 C'est s. d. pour cela que cette décadence est si

2185.0 2063.0 1684.0 171.0 morne. Elle contraste av. celle des Emp. romains

2185.0 2140.0 1613.0 169.0 d occid. et pl tard des Carol. Pas un de ces rois

2177.0 2194.0 1707.0 179.0 n'a fait quelque chose, ce sont de chiffes dans

2171.0 2268.0 1681.0 183.0 la main des maires. Pas un n'a réagi ni

2171.0 2354.0 1692.0 166.0 cherché à faire assassiner son maire du

2175.0 2422.0 1752.0 171.0 palais c. à Ravenne. C'est eux au contraire

2169.0 2532.0 1062.0 166.0 parfois qu'on assassine.

2647.0 2564.0 887.0 183.0 Mettre ceci p. 170. ?

2251.0 2747.0 1596.0 215.0 Pour éviter de tomber sous le joug de

2227.0 2860.0 1656.0 208.0 l'aristocr. grandissante, les rois au¬

2210.0 2954.0 1693.0 212.0 raient dû devenir pl forts. Or ils de¬

2205.0 3049.0 1699.0 216.0 viennent pl faibles par suite de la di¬

2200.0 3192.0 1474.0 162.0 minution de leurs ressources.

2163.0 4043.0 1260.0 185.0 et en réalité aussi ds les évêchés.
