4090 5142
3472.0 70.0 467.0 192.0 115

137.0 34.0 1983.0 159.0 ginalité de ces barbares qui ici ont fait recu

145.0 125.0 2062.0 175.0 ler le vieux monde pour en prendre la place.

137.0 230.0 2003.0 174.0 Ici un âge nouveau débute qui ne gravite pas

137.0 317.0 1960.0 165.0 vers le Sud. L'homme du Nord a conquis et

131.0 437.0 2004.0 148.0 pris pour lui cette extrêmité de la Romania

137.0 519.0 2040.0 162.0 <...> dont il ne conserve pas de souvenirs, dont

132.0 620.0 1957.0 161.0 il ignore la majesté, à laquelle il ne doit

134.0 720.0 2006.0 157.0 rien. Dans toute la force du terme, il la rem¬

128.0 822.0 1766.0 170.0 place et en la remplaçant il la détruit.

174.0 895.0 1961.0 187.0 Ici les envahisseurs, Angles et saxons ont passé

148.0 999.0 2018.0 177.0 directement de l'ambiance germanique dans

151.0 1091.0 2066.0 185.0 l'Empire sans avoir subi l influence romaine.

148.0 1196.0 1989.0 171.0 Et la province de Bretagne ou ils se sont établis

129.0 1287.0 1988.0 178.0 était par surcroît la moins romanisée de

145.0 1388.0 2044.0 185.0 l'Empire. Ils y sont donc restés eux mêmes. Ici

156.0 1501.0 1981.0 169.0 l'âme germanique, l âme nordique, l'âme

150.0 1590.0 2016.0 140.0 barbare, l'âme des peuples dont l etat d'avance¬

148.0 1679.0 2007.0 143.0 ment etait si l'on peut dire homérique a été le

145.0 1774.0 1278.0 158.0 facteur historiqué essentiel.

180.0 1876.0 2020.0 193.0 Mais ce spectacle que présente la Bretagne anglo

154.0 1993.0 2029.0 162.0 saxonne est unique. On le chercherait vaine¬

155.0 2096.0 2091.0 169.0 ment sur le continent. Ici, la Romania sub¬

159.0 2188.0 1964.0 188.0 siste sauf à la lisière où le long du Rhin,

174.0 2308.0 1990.0 180.0 dans les champs decumates et le long du Da¬

150.0 2411.0 2022.0 183.0 nube, c a d <...> dans les provinces de Ger¬

169.0 2514.0 1986.0 152.0 anie, de Retie, de Norique et de Pannonie,

164.0 2605.0 2053.0 190.0 toutes proches d la Germanie, celle-ci a débordé

164.0 2703.0 2053.0 180.0 sur l'Empire et l'a refoulé devant elles. Mais

166.0 2818.0 1983.0 178.0 ces confins n'ont joué aucun rôle, rattachés

173.0 2933.0 1962.0 186.0 qu'ils ont été aux Etats fondés comme celui

174.0 3048.0 2058.0 202.0 des Francs ou des Ostrogoths en pleine Romania.

165.0 3151.0 2135.0 219.0 Or là, ce qui subsiste à toute évidence c'est

166.0 3272.0 2017.0 167.0 l etat ancien des choses. Les envahisseurs

172.0 3392.0 2000.0 187.0 trop peu nombreux et d'ailleurs depuis trop

183.0 3501.0 1954.0 193.0 longtemps en contact avec l'Empire ont

174.0 3596.0 2112.0 183.0 été fatalement absorbés et n'ont pas demandé

178.0 3736.0 1977.0 193.0 mieux. Ce qui doit surprendre c'est qu'il sub¬

180.0 3817.0 1969.0 206.0 siste chez ces nouveaux Etats qui obéissent

170.0 3916.0 1967.0 214.0 tous à des dynasties germaniques, si peu de

192.0 4036.0 1997.0 177.0 germanisme. La langue, la religion, les ins¬

204.0 4159.0 2014.0 170.0 titutions, l'art en sont pures ou à bien peu de

200.0 4245.0 1978.0 212.0 choses près. On en trouve quelque peu dans le

502.0 4401.0 238.0 79.0 Nord

187.0 4342.0 2053.0 184.0 droit au <...> de la Seine et des Alpes, mais jus¬

190.0 4483.0 1982.0 172.0 qu'à l arrivée des Lombards en Italie, c'est

168.0 4568.0 2109.0 230.0 bien peu de chose. Si on a cru le contraire, c'est

201.0 4700.0 1982.0 171.0 pour avoir suivi l école germanique et abu¬

185.0 4786.0 1961.0 221.0 sivement étendu à la Gaule, à l'Italie et à

177.0 4872.0 2038.0 258.0 l'Espagne ce qui se rencontre dans les Leges Bar
