3960 5049
3351.0 39.0 424.0 207.0 122

78.0 0.0 1900.0 200.0 Tandis que les Germains n'ont rien à opposer

54.0 120.0 1996.0 127.0 au Christianisme de l'Empire, les Arabes ont

53.0 201.0 1992.0 167.0 une religion. C'est cela et cela seul qui les rend

53.0 288.0 1948.0 160.0 inassimilables. Car, pour le reste, ils n'ont pas

52.0 384.0 1982.0 208.0 plus que les Germains aucune prévention contre

48.0 485.0 1922.0 187.0 la civilisation de ceux qu'ils ont conquis. Au

61.0 582.0 1830.0 195.0 contraire, ils se l'assimilent autant qu'ils

44.0 680.0 2020.0 178.0 peuvent, dans la science ils se mettront à l'école

52.0 782.0 1954.0 172.0 ds Grecs, dans l'art à celle des Grecs et des Per¬

47.0 887.0 2025.0 178.0 ses. Ils ne sont même pas fanatiques, du moins

50.0 990.0 1959.0 174.0 au début et n'entendent pas convertir leurs

32.0 1088.0 1988.0 179.0 sujets. Mais ils veulent les faire obéir au seul

45.0 1183.0 1927.0 173.0 Dieu, Allah, et donc à son prophète Mahomet,

28.0 1290.0 1928.0 165.0 et donc à l'Arabie puisqu'il est Arabe. Leur

46.0 1405.0 1957.0 147.0 religion universelle est en même temps na¬

37.0 1500.0 2011.0 143.0 tionale. Ils sont les serviteurs de Dieu. Islam

39.0 1596.0 1970.0 164.0 signifie resignation on soumission a Dieu

31.0 1691.0 2000.0 180.0 Vassil I 271) et Musulman veut dire sou¬

46.0 1775.0 1921.0 171.0 mis. Allah est un et il est logique dès lors

42.0 1876.0 1945.0 163.0 que tous ses serviteurs aient pour devoir

34.0 1977.0 1950.0 187.0 de l'imposer aux incroyants, aux infidèles. Ce

39.0 2084.0 1914.0 170.0 qu'ils se proposent ce n'est, pas comme le dit

42.0 2182.0 1936.0 194.0 Goldziher ds Vassil I 279 leur conversion mais

50.0 2292.0 1942.0 156.0 leur sujétion. C'est ça qu'ils apportent avec

40.0 2389.0 1958.0 143.0 eux. Ils ne demandent pas mieux après que

34.0 2476.0 2023.0 167.0 de prendre, comme un butin, la Science et l'art

25.0 2580.0 2074.0 177.0 ds infidèles qu'ils feront tourner à l'honneur d'Al¬

25.0 2678.0 1981.0 154.0 lah. Ils leur prendront même leurs institu¬

42.0 2773.0 2017.0 144.0 tions dans la mesure ou ça sera utile. Que faire

41.0 2875.0 1934.0 134.0 autrement ? Ils ne peuvent par plus, ayant un

22.0 2948.0 1984.0 185.0 Empire, le gouverner par leurs institutions

18.0 3061.0 1949.0 172.0 de tribus que les Germains n'ont pu imposer

35.0 3174.0 2002.0 170.0 les leurs à l'Empire Romain. La différence

34.0 3274.0 1983.0 153.0 est que partout où il sont, ils dominent. Les

35.0 3398.0 2005.0 144.0 autres sont leurs sujets, payent seuls l'impôt.

44.0 3502.0 1931.0 151.0 sont hors de la communauté des Croyants. La

32.0 3582.0 1985.0 171.0 barrière est infranchissable ; il ne peut y a¬

18.0 3687.0 1988.0 173.0 voir fusion - venant des Musulmans. Voyez

19.0 3796.0 1960.0 157.0 le contraste formidable avec un Theodoric

25.0 3929.0 1973.0 138.0 qui se met au service de ses vaincus et cherche

28.0 4032.0 1981.0 163.0 à s'assimiler à eux. Chez les Germains, le vain¬

19.0 4150.0 1973.0 154.0 queur va au vaincu spontanément. Chez les

24.0 4243.0 2002.0 175.0 Arabes c'est l'exact contraire, c'est le vaincu

19.0 4362.0 2071.0 168.0 qui ira au vainqueur et il n'y pourra aller qu'en

12.0 4454.0 2014.0 162.0 servant comme lui Allah, en lisant le <...>¬

6.0 4537.0 2009.0 213.0 Coran donc en apprenant sa langue qui est

9.0 4633.0 2036.0 205.0 la langue sainte en même temps que la lan¬

9.0 4763.0 2084.0 197.0 gue maîtresse. Aucune propagande, ni même
