4090 5056
3764.0 73.0 214.0 184.0 61

167.0 56.0 2077.0 169.0 que l'évêque reçoit dans son Xenodochion

168.0 168.0 1899.0 177.0 au m. titre que les chrétiens (Vit. Patr.

177.0 251.0 2115.0 191.0 ecrit, Migne P. L. t.80 col.139). La Lex Visig.

188.0 365.0 1913.0 219.0 XII 2.14 (mgh leg I 470) parle d'eux. Elle se

162.0 471.0 1995.0 203.0 borne à empêcher qu'ils ne fassent de la pro¬

168.0 581.0 1980.0 202.0 pagande. On voit qu'ils ont la m. situation

171.0 682.0 1977.0 219.0 qu ils avaient dans l'Empire puisque la Lex

168.0 797.0 2121.0 214.0 XII. 2.12 dit qu'ils vivent sous la loi romaine.

154.0 896.0 2039.0 209.0 Plus tard les lois sur la persécution montrent

171.0 1042.0 1727.0 192.0 qu ils étaient extrêmement nombreux.

224.0 1154.0 1908.0 194.0 Mais naturellement grâce à Grégoire nous

168.0 1264.0 1955.0 179.0 sommes le mieux renseignés sur la Gaule.

162.0 1364.0 1953.0 211.0 Il y en a à Clermont, à Paris, à Orléans, à

168.0 1474.0 1964.0 207.0 Tours, à Bourges, à Arles (Kiener, 28) Leur

168.0 1575.0 1952.0 214.0 centre était Marseille. C'est là qu ils se ré¬

171.0 1713.0 1963.0 212.0 fugient quand on les  (Greg. V. 11) On

171.0 1808.0 1949.0 211.0 peut apprécier leur nombre quand on pense

182.0 1876.0 2261.0 258.0 qu'ils étaient 500 à Clermont qui se convertirent

176.0 2030.0 1956.0 236.0 Et après le VIe s. ça continue. Au milieu du

179.0 2168.0 2054.0 188.0 VIIe la Vita Sulpicii Mgh Merov IV. 374 les men¬

174.0 2348.0 792.0 112.0 tionne à Bourges.

188.0 2384.0 1944.0 232.0 Si le peuple ne les aime pas comme on l'a vu

174.0 2508.0 2033.0 213.0 plus haut, les autorités tout d abord ne les in¬

179.0 2634.0 1927.0 200.0 quiètent pas. En 582 cependant le roi en

176.0 2755.0 1911.0 191.0 Gaule en fait convertir de force (Greg. VI. 17

191.0 2859.0 2064.0 220.0 p.259). Heraclius aurait fait prier Dagobert

207.0 2991.0 2115.0 207.0 de les faire baptiser (Moreau, Amand p.128)

182.0 3115.0 2073.0 204.0 Il y en avait qui se convertissaient (Greg V. 11 p.

199.0 3213.0 2126.0 222.0 D'autres fuyaient à Marseille où on les laissait

185.0 3334.0 2051.0 204.0 tranquilles. On leur reproche parfois un sa¬

185.0 3440.0 2129.0 241.0 crilège (Greg. Glor. Mart, c.21 p.501) A Bourges

188.0 3558.0 2056.0 203.0 ds la 1er moitié du VIIe S. l'eveque S. Sulpice

185.0 3682.0 1972.0 202.0 en fait baptiser un grand nombre (Voy le

199.0 3766.0 2037.0 214.0 texte cité un peu pl haut). A Clermont S. Avit

188.0 3828.0 2800.0 284.0 (+ 594) en fait baptiser un grand nombre, mais pas par force.

199.0 4005.0 1975.0 222.0 (Greg. V. 11) Chilperic en fit aussi baptiser

185.0 4117.0 2003.0 238.0 (Ibid. VI. 17) L un d'eux qui refuse est em¬

191.0 4202.0 2376.0 233.0 prisonné. Mais Gregoire le Grand en 591

205.0 4345.0 2019.0 191.0 reprimende les laiques d'Arles et de Marseille

207.0 4457.0 1950.0 186.0 qui les baptiserent de force (Resgestum I.45).

1411.0 4552.0 533.0 109.0 à Jaffé 1115

206.0 4609.0 2010.0 163.0 De même il blâme l'évêque de Terracine qui

206.0 4719.0 2033.0 179.0 les a expulsés de leurs synagogues. Il faut dit-il

2390.0 632.0 1629.0 219.0 Il en est de m. en Italie, Jaffé 1157.

2118.0 1362.0 497.0 113.0 à Bordeaux

2459.0 1842.0 535.0 166.0 (Greg. V. 11)

2341.0 2452.0 1167.0 207.0 et Voy. aussi Greg. VI. 11.

2522.0 2744.0 1494.0 210.0 Edit de 614 10 des Juifs ne peuvent

2502.0 2865.0 1500.0 168.0 intenter action publ. aux chrétiens.

2514.0 2994.0 820.0 137.0 Boretius I, p. 22.

3061.0 3685.0 789.0 164.0 Sur les Juif d Lyon,

3151.0 3775.0 750.0 191.0 Coville, p. 538 sqq.
