3960 5049
3436.0 0.0 355.0 199.0 132

78.0 0.0 1937.0 154.0 un désert "redacta est terra in solitudi¬

78.0 63.0 1993.0 189.0 nem" Ce n'est qu'en 916 que le calme renaî¬

76.0 157.0 1942.0 193.0 tra, quand Jean X, l'Empereur, les princes de

55.0 235.0 1969.0 182.0 l Italie du Sud et l'empereur de Constan¬

81.0 328.0 1891.0 211.0 tinople qui envoye de galères a Naples au¬

63.0 406.0 1932.0 210.0 ront forcé la ville et ses voisines à lâcher

75.0 510.0 1923.0 193.0 les Sarrasins et s'unissant à elles, les bat¬

73.0 650.0 1001.0 181.0 tent sur le Garigliano.

92.0 746.0 1819.0 192.0 On peut donc dire que dès la Conquête de

75.0 844.0 1881.0 188.0 l Espagne et surtout de l'Afrique la Mediterr.

78.0 922.0 1889.0 197.0 occid. devient un lac musulman. Cela

67.0 1018.0 1950.0 213.0 parceque l'Empire franc n'a pas de flotte. Il

61.0 1124.0 1892.0 209.0 n'y en a plus qu'à Naples, Gaete, Amalfi, mais

64.0 1225.0 2010.0 203.0 qui de plus en plus pour les intérêts de leur com¬

70.0 1318.0 2026.0 208.0 merce lachent Byzance trop lointaine. On a vu

72.0 1424.0 1951.0 231.0 que c est grâce à leur défection que les Sarras.

72.0 1517.0 2046.0 224.0 ont pu finalement prendre la Sicile. La flotte

78.0 1632.0 1984.0 196.0 byzantine est puissante aussi, plus même que

67.0 1727.0 1998.0 196.0 la leur à cause du feu grégeois, mais la Sicile

64.0 1828.0 1987.0 191.0 prise, elle est à peu près complètement cou¬

61.0 1938.0 1954.0 189.0 pée de l'Occident où elle ne fait plus que de

53.0 1918.0 3140.0 326.0 rares et inutiles apparitions. Comme en 931 et 942 contre la Garde Frainet.

86.0 2145.0 1915.0 194.0 En attendant, elle a permis aux empereurs

81.0 2238.0 1911.0 234.0 de sauvegarder leur Empire qui est surtout

63.0 2333.0 2013.0 224.0 côtier. En 806, il suffit de l'envoi d une flotte

59.0 2474.0 2006.0 216.0 contre laquelle Charlemagne ne peut rien pr

67.0 2580.0 1858.0 185.0 qu'il renonce à Venise. (Hartm. III 60)

57.0 2715.0 2019.0 172.0 En 840 les Musulmans ont fini par s'empa¬

53.0 2804.0 2110.0 215.0 rer de Bari qui menace toute l'Adriatique.

67.0 2914.0 1990.0 182.0 Mais 30 ans après, les Grecs réussissent à la

72.0 3044.0 1140.0 175.0 reprendre (Schaube, 26)

64.0 3138.0 2012.0 180.0 Toutes les eaux autour de la Grèce restent li¬

64.0 3245.0 168.0 131.0 bres

70.0 3326.0 2107.0 224.0 En 869 l'empereur Basile envoye 400 vaisseaux

57.0 3436.0 1955.0 179.0 contre Bari pour aider Louis II contre la ville

56.0 3542.0 2013.0 196.0 Muhlbacher, p. 462) En 866 le même Louis II

72.0 3646.0 2013.0 203.0 fait une campagne contre les Sarrasins qui de

57.0 3744.0 1980.0 185.0 Sicile prennent pied dans l Italie du Sud. Mais

81.0 3854.0 1953.0 173.0 finalement il bat en retraite sans avoir rien

66.0 3938.0 2010.0 205.0 pu faire, en 873, par suite de la discorde entre lui

61.0 4050.0 1977.0 192.0 et les Italiens qui l'ont même un moment fait

68.0 4168.0 1655.0 193.0 prisonnier (Hartm. III, 265, 288, 296).

78.0 4287.0 1883.0 164.0 Donc en somme l'Islam ne parvient pas à

68.0 4387.0 2020.0 163.0 prendre pied en Italie. La reconquête de Bari a été

58.0 4485.0 1979.0 175.0 là le fait essentiel pour le rattachement à By¬

53.0 4608.0 1984.0 184.0 zance. Elle garantit la sécurité de Venise. Sur

66.0 4698.0 1984.0 175.0 l'autre cote, elle maintient ne vague suprematie

69.0 4800.0 2077.0 192.0 sur Naples, Amalfi et Gaete qui évoluent entre l'Em¬

2097.0 20.0 1258.0 158.0 Vers 900 pillent Stes Rufine

2110.0 123.0 1024.0 146.0 et secunda près de Rome.

2102.0 2367.0 1832.0 201.0 En 846 Lothaire n'ayant pas de flotte demande

2211.0 2463.0 1698.0 184.0 aux Venitiens d'attaquer les Sar. de Béné¬

2191.0 2567.0 1266.0 162.0 vent "navali expeditione"

3106.0 2670.0 595.0 120.0 Boret. II, 67.
