3978 5058
3462 37 402 270 181

39 50 2029 153 Vers elle". On peut me semble-t-il consi¬

15 160 2039 144 derer ceci comme un retour de l'Empereur

44 282 2042 111 vers l'Occident sous la pression de l'Islam.

64 395 1998 107 Un autre effet de celui-ci sur la papauté

40 491 1954 156 et l'Italie, ce fut l'émigration Syrienne

25 596 2050 130 qui s'y opéra devant l'invasion et contri¬

22 673 2004 161 bua tant à gréciser l'Italie du Sud. Elle

14 793 1985 115 exerça aussi son action sur la papauté.

71 929 1979 117 Le 6e concile démontra à la Syrie, à la Palestine

55 1026 2024 165 et à l'Egypte que Constantinople abandonnait

43 1120 1960 134 le désir de se reconcilier avec les provinces

53 1211 1997 130 sorties d l'Empire. La paix avec Rome fut a¬

53 1313 1966 148 chetée au prix d'un abandon total des popula¬

58 1412 1927 122 tions monophysites et monothélites des pro¬

56 1511 834 127 vinces orientales

55 1671 1917 152 Déjà Constant II avait indiqué la même

44 1784 1944 146 orientation quand il avait sans doute

49 1884 1958 129 songé à se reinstaller dans l'ancienne

41 1959 1946 145 Rome où, malgré l'affaire du Type, il fut

44 2059 2003 142 reçu avec vénération le 5 juillet 663. Mais il

28 2141 1964 164 dut y reconnaître bien vite que sa présence y

28 2250 2009 128 etait impossible sans armée pour refouler les

14 2315 2059 170 Lombards et après 12 jours il partit pour la Sicile

36 2429 2061 138 où il se fixa à Syracuse où du moins il pouvait

41 2511 2011 183 compter sur sa flotte. Il y mourut assassiné

38 2609 302 149 en 668

39 2727 1939 154 C'est peu de temps après C. 677 que se fait la

40 2827 2054 145 paix définitive entre l Empire et les Lombards.

36 2911 2020 153 Rome et l'exarchat restent décidément av le

25 3007 1181 158 Sud tout ce qui subsiste.

42 3108 2005 166 Et il semble à ce moment que l'Eglise ro¬

41 3230 1975 161 maine qui vient de perdre l'Afrique et l Es¬

47 3341 1949 141 pagne par l'avance islamique, soit, bien

54 3430 1939 159 loin de se tournes vers l Occident, en train

42 3535 2048 169 de s accomoder à l Empire devenu puremt

52 3634 1929 185 grec. Sur treize papes qui ont gouverné de

52 3731 1922 195 678 à 752, on ne compte que deux romains

55 3836 1937 195 d origine, Benoit II (684-85) et Grégoire II

40 3929 2023 215 (715-731) Tous les autres sont Syriens, Grecs

49 4054 1946 186 ou tout au moins Siciliens, c a d d un pays

40 4159 1973 177 presque entièrement hellénisé à la fin du VIIe

47 4267 573 192 s. (Gay p. 40)

64 4371 1954 201 Et ceci ne s'explique pas du tout par une re¬

49 4482 1954 216 crudescence du pouvoir byzantin. L'exarque

37 4591 2028 208 qui, depuis Heraclius, a charge de ratifier les pa¬

44 4693 2040 207 pes n'intervient guère que pour la forme. Tout

60 4791 1934 186 se passe dans le milieu romain et c'est là ce

2154 2026 629 153 par Vitalien

2159 2681 1737 161 C'est au même moment, 677 que Cons¬

2144 2785 1720 154 tantin IV repousse par le feu grégeois la

2160 2898 1816 133 flotte arabe de Constantinople (Vassil. 283).

2156 2977 1819 157 et force le calife Moawiah à lui payer tribut.
