4090 5080
3569.0 59.0 305.0 300.0 94

105.0 4.0 1973.0 161.0 blissent, ils laissèrent - sauf chez les Anglo

88.0 101.0 2058.0 178.0 Saxons - la langue latine comme seul moyen

93.0 177.0 2015.0 191.0 d'expression de la vie sociale et de la vie ad¬

93.0 300.0 2019.0 152.0 ministrative. Ici, comme dans tous les au¬

88.0 389.0 2041.0 157.0 tres domaines, ils s'assimilèrent. Leur at¬

97.0 469.0 2058.0 187.0 titude fut la même dans l'ordre intellectuel

101.0 575.0 2032.0 170.0 que dans l'ordre politique ou économique.

105.0 673.0 2083.0 173.0 Leurs rois, à peine installés, s'entourent de rhé¬

97.0 795.0 2075.0 161.0 teurs, de juristes, de poètes. C'est par eux qu'ils

93.0 884.0 2087.0 174.0 font écrire leurs lois, rédiger leur correspon¬

105.0 990.0 2075.0 153.0 dance, dresser, suivant les modèles anciens,

114.0 1100.0 2007.0 165.0 les actes de leur chancellerie. Bref, ils con¬

105.0 1189.0 2058.0 191.0 servent intacte <.........> l'état des choses. Avec

97.0 1282.0 2041.0 186.0 eux, la décadence continue, avec cette seule dif¬

84.0 1430.0 1994.0 157.0 férence qu'elle s'accélère. Car on comprend que

105.0 1515.0 2050.0 182.0 la barbarisation a été plus funeste dans la

101.0 1612.0 2104.0 199.0 culture spirituelle que dans la culture ma¬

105.0 1735.0 2067.0 203.0 ccielle. Sous les dynasties des nouveaux Etats

101.0 1849.0 2075.0 195.0 du bassin occidental de la Méditerranée,

114.0 1955.0 2100.0 195.0 ce qui s'accomplit, c'est la décadence d'une

88.0 2103.0 534.0 166.0 décadence.

139.0 2214.0 2037.0 177.0 Voyons à cet égard le royaume Ostrogothique.

97.0 2311.0 1964.0 182.0 Tout s'y continue comme sous l'Empire. Il

101.0 2413.0 2100.0 173.0 suffit de rappeler les deux ministres de Theodoric

105.0 2501.0 1965.0 187.0 Cassiodore et Boèce. Et il y en a d'autres. Le

105.0 2586.0 2050.0 195.0 poète Rusticus Elpidius (Carmen de Christi

97.0 2679.0 2024.0 203.0 Jesu Beneficiis) fut médecin et favori de Théo¬

101.0 2781.0 1986.0 233.0 doric (Ebert I 442). Citons encore Ennodius

105.0 2925.0 1948.0 203.0 né s. d. à Arles en 473 et tout à fait profane

97.0 3022.0 2036.0 195.0 quoique devenu eveque de Pavie en 511, au point de

105.0 3149.0 2033.0 174.0 celebrer les amours de Pasiphaé (p. 464) C'est

105.0 3280.0 2050.0 149.0 pur rhéteur devenu si on Veut professeur d'élo¬

97.0 3365.0 2032.0 186.0 quence sacrée (465) On voit par lui que les écoles

110.0 3492.0 2049.0 178.0 de rhetorique à Rome sont encore en pleine ac¬

118.0 3556.0 2096.0 211.0 tivité. Et c'est sous Theodoric dont il a ecrit d ail¬

122.0 3695.0 2075.0 191.0 leurs le panégyrique entre 504 et 508. Style

114.0 3810.0 2045.0 186.0 boursouflé et prétentieux, tirant tout de l'orne¬

110.0 3920.0 2045.0 182.0 mentation, faute d'idées, même chose grotesque

105.0 4021.0 2058.0 186.0 dans la biographie d'Antoine, moine de Lérins

110.0 4131.0 1998.0 187.0 Il fait encore de la grammaire et de la rhéto¬

97.0 4262.0 1977.0 161.0 rique qui "commande à l'univers" les bases de

97.0 4356.0 2015.0 190.0 l'éducation du Chrétien. Il recommande quelques

105.0 4478.0 1973.0 178.0 rhéteurs distingués de Rome chez qui les jeunes

122.0 4584.0 1952.0 174.0 gens trouveront un bon enseignement et il

118.0 4690.0 2003.0 178.0 recommande à ces derniers la maison d'une

105.0 4792.0 1995.0 203.0 dame "aussi pieuse que spirituelle" (p.468)

2163.0 4013.0 237.0 199.0 (467)
