4090 5056
3647.0 88.0 270.0 236.0 38

101.0 103.0 1963.0 159.0 vation de l'impôt romain et le tonlieu

89.0 219.0 1995.0 126.0 sont les sources essentialles de leur pou¬

78.0 294.0 2045.0 146.0 voir. Les considérer comme on le fait souvent

75.0 410.0 2079.0 166.0 en ne voyant en eux que de grands proprié¬

92.0 530.0 2059.0 155.0 taires fonciers est une erreur fâcheuse qui

95.0 643.0 1997.0 165.0 <..> s'explique que parce qu'on les a consi¬

92.0 738.0 2087.0 140.0 dérés sous l'aspect des rois postérieurs. Non

87.0 837.0 2075.0 140.0 ils ressemblent beaucoup plus par leur ri¬

95.0 951.0 1986.0 158.0 chesse monnayée aux rois byzantins qu'à

89.0 1067.0 2206.0 141.0 tout autre chose ou meme qu'à Charlemogne.

89.0 1176.0 2006.0 146.0 Il font tout pour augmenter ce trésor qui

82.0 1284.0 2049.0 123.0 les soutient. De là les innombrables confis¬

84.0 1400.0 1990.0 130.0 cations. Chilpéric fait faire dans tout son

105.0 1517.0 1963.0 134.0 royaume "descriptiones novas et graves"

92.0 1592.0 2024.0 187.0 Greg V. 28) Il y a là toute une administration

88.0 1697.0 2062.0 174.0 compliquée avec des registres, des reviseurs

89.0 1814.0 2017.0 169.0 etc. C est pour s emparer des trésors que le

92.0 1918.0 1916.0 158.0 rois se tuent (Fustel Transformat p. 19).

89.0 2025.0 2029.0 187.0 De plus il y a les subsides byzantins qui sont é¬

84.0 2106.0 1976.0 223.0 normes, 50000 sous d'or à Childebert de l Empereur

103.0 2252.0 2037.0 197.0 Pour apprécier la richesse de ces rois voir le dot

98.0 2373.0 2076.0 186.0 de Rigonthe en 584 (Greg. VI.45. VII. 9.15) Chil¬

89.0 2499.0 2079.0 173.0 debert donne 6000 sous à s. Germain pour les

75.0 2640.0 846.0 126.0 pauvres (Dill, 280)

137.0 2710.0 2025.0 200.0 Il font avec leur trésor ce que font les Byzan¬

84.0 2842.0 2067.0 177.0 tins. Brunehilde en 596 détourne par pecu¬

88.0 2982.0 1994.0 171.0 nia une attaque des Avars sur la Thuringe.

103.0 3086.0 1930.0 206.0 ᗞagobert I recouvre d'argent l abside de S.

98.0 3227.0 1343.0 202.0 Denys. (Gesta SS Merov II 406)

98.0 3348.0 2005.0 173.0 Il est donc assez bête de dire que les rois ne

92.0 3499.0 1247.0 145.0 thésaurisent que pour eux.

129.0 3592.0 2000.0 203.0 Mais les Ostrogoths sont encore plus riches. Il

132.0 3721.0 1986.0 177.0 suffit de penser à Theodoric et il en est de m.

98.0 3820.0 2011.0 203.0 des Wisigoths. En 631 le prétendant Sisenath

120.0 3943.0 1958.0 191.0 offre 200000 sous d or à Dagobert pour son

120.0 4078.0 1683.0 148.0 appui contre Svintila (Richter p. 161)

92.0 4188.0 1948.0 167.0 L importance du revenu du tonlieu chez les

101.0 4331.0 2109.0 161.0 Wisigoths se déduit de ce que les abus des fermiers

103.0 4454.0 1998.0 135.0 sont punis de mort comme dans le droit ro¬

109.0 4553.0 1950.0 164.0 main (Dahn Könige VI. 290). Sur les livres

84.0 4671.0 2109.0 188.0 d impôts etc chez eux (Ibid p 260). Les rois y payent

95.0 4789.0 1980.0 154.0 les fonctionnaires (Ibid. 275) Voy. de Venantius

2168.0 1098.0 1860.0 210.0 En 695 le roi donne à l'abbé de S. Denys une

2129.0 1199.0 1863.0 208.0 Villla pour que celui-ci renonce à deux rentes

2139.0 1297.0 1802.0 204.0 qu'il a sur le fisc, une de 200 sous et une de

2146.0 1366.0 1778.0 205.0 cent (Voy. Cellarium). Il tient donc plus à

2150.0 1474.0 1755.0 200.0 son argent qu'à sa terre. C'est en m.

2162.0 1542.0 1704.0 207.0 temps la preuve qu'à la fin du VIIe s. le

2188.0 1660.0 1413.0 188.0 trésor commence à s'épuiser).

2145.0 2018.0 1620.0 216.0 Maurice pr les Lombards (Greg VI.42)
