4090 5056
3471.0 139.0 375.0 237.0 74

1087.0 41.0 417.0 122.0 de 639-654

112.0 103.0 1929.0 181.0 Le concile de Chalon (MGH, Concil. I 210

92.0 230.0 1952.0 162.0 9) au VIIe s. défend de vendre ds esclaves

95.0 317.0 2006.0 177.0 chrétiens en dehors du royaume. Fustel, La

103.0 426.0 2079.0 169.0 monarchie III. 258 compare cocassement Samo

112.0 499.0 2003.0 203.0 au chef d'une grande compagnie commerciale

98.0 584.0 2062.0 210.0 comme la compagnie anglaise de Indes! Il n'é¬

112.0 702.0 1977.0 182.0 tait d ailleurs pas seul de son espèce puisque

103.0 795.0 2062.0 194.0 pl loin Fredegaire (p.155) nous raconte qu'é¬

106.0 912.0 2006.0 183.0 tant devenu roi des Wendes il fit massa¬

120.0 1014.0 1975.0 185.0 crer des marchands francs, ce qui provoque

123.0 1129.0 2042.0 179.0 la guerre entre lui et Dagobert. Son accession

126.0 1233.0 1944.0 207.0 à la royauté rend frappante l'assimilation

109.0 1322.0 2011.0 200.0 entre lui et les Varègues. On peut d'autre part

117.0 1418.0 2057.0 237.0 supposer qu'il vendait lui-même aux barba¬

126.0 1533.0 1977.0 202.0 res des armes, ainsi que le faisaient les mds

109.0 1643.0 1980.0 196.0 interlopes de la frontière contre lesquels les

110.0 1748.0 2064.0 198.0 Capitulaires ont tant légiféré. Au reste, bien

120.0 1881.0 2017.0 186.0 que Frédégaire appelle Samo "negucians"

110.0 1992.0 2033.0 187.0 ainsi que ses compagnons "negutiantes" on ne

123.0 2078.0 2034.0 183.0 peut voir en lui un marchand de profession

132.0 2232.0 1129.0 124.0 mais un aventurier.

160.0 2261.0 2047.0 236.0 Il y avait en outre beaucoup d'esclaves pro¬

129.0 2376.0 1997.0 209.0 venant d'Angleterre. Ste Bathilde avait été

132.0 2483.0 1941.0 224.0 "de partibus transmarinis... vili pretio

123.0 2575.0 2035.0 214.0 venumdata (Vita SS Merov. II, 482. Cf Lesne

126.0 2673.0 1938.0 239.0 Propr. Ecclés. I 359 n.) Il y avait quantité

112.0 2789.0 2076.0 219.0 d'esclaves anglais sur le marché de Marseille

127.0 2918.0 1988.0 247.0 où en 595 Grégoire le Gd en fait acheter pour

99.0 3030.0 1906.0 216.0 être envoyés à Rome aux fins de Conversion

109.0 3106.0 1969.0 253.0 (Jaffé, 1386). Probablement c'étaient des

126.0 3227.0 2017.0 227.0 prisonniers faits pendant les guerres des Breton

134.0 3325.0 1989.0 259.0 avec les Saxons et que la navigation transpor¬

120.0 3432.0 2017.0 280.0 tait en Gaule. Peut-être etait-ce de ces gens là

126.0 3570.0 1938.0 222.0 que S. Amand (+674-75 ) rachetait dans le

129.0 3727.0 1477.0 207.0 pays de Gand (Moreau, p. 133).

132.0 3800.0 1955.0 250.0 Sur les fréquents achats de captifs Voy Lesne I,

135.0 4000.0 368.0 174.0 357-369.

123.0 4030.0 2044.0 203.0 Sans doute etaient-ce aussi des gens du Nord

132.0 4151.0 1988.0 222.0 conduits par un marchand dans les envi¬

115.0 4244.0 2062.0 224.0 rons de Cambrai dont nous parle la Vita Gau¬

126.0 4349.0 1947.0 223.0 gerici SS. Merov. III 656 12 (Negociator).

143.0 4488.0 1958.0 183.0 On trouvait partout à acheter des esclaves.

123.0 4603.0 2003.0 205.0 Grégoire d Tours I 322 parle d'esclaves Saxons

134.0 4710.0 2017.0 205.0 appartenant à un marchand de l'Orléanais.

2320.0 2067.0 1645.0 255.0 On vendait aussi des esclaves Mau¬

2168.0 2195.0 1735.0 290.0 res en Gaule Vita Eligii SS Merov

2150.0 2289.0 1785.0 342.0 IV 676 donc probablem aussi en Es¬

2183.0 2401.0 1879.0 358.0 pagne Suppose Verlinden Anuario XI. 349

2213.0 4027.0 1778.0 238.0 "Aliquos pueros ligatis manibus ... ve¬

2207.0 4235.0 661.0 118.0 nundandus.".
