3960 5049
3436 56 384 218 130

109 37 2009 174 efficace, puisque les signa Maurorum fu¬

94 151 1974 165 rent envoyés en trophées au roi. On ne voit

89 244 1996 181 pas d'ailleurs que les Francs s'y soient main¬

89 357 276 127 tenus.

98 417 2026 178 Il ne réussit pas mieux ailleurs. En 806 les Sar¬

68 518 1994 167 rasins ont pris la petite île de Pantelleria et

91 626 2165 163 ont vendu en Espagne comme esclaves les moines

88 709 2134 182 qu ils y ont trouvés. Charles les fit racheter (Klein¬

85 819 1944 167 clausz p 332 n.2). Mais la même année 806,

83 903 1979 172 Pepin, son fils, roi d'Italie essaye de les chasser

79 995 2017 166 de la Corse où ils se sont établis. Il arme une

84 1079 2029 166 flotte et suivant les annalistes carol. il les ex¬

84 1183 2091 173 pulse. Mais on voit qu'en 807, ils sont revenus.

85 1259 2081 182 Cette fois Charles envoye contre eux le connétable

92 1380 1965 177 Burchard qui les force à se retirer après un

91 1447 1997 175 combat où ils perdent 13 vaisseaux. Mais cela

80 1556 1968 168 n a rien de definitif car en 808, le pape Léon

87 1649 2015 168 III parlant à Charles des mesures qu il prend

89 1767 2021 166 pour la défense de la côte italienne, le prie

88 1872 2011 190 de se charger de la Corse (Kleincl. 331). On voit

76 1966 1989 178 en effet qu'en 809 et en 810 les Sarrasins sont

72 2050 2518 171 de nouveau dans l'île. Ce sont des Sarrasins d'Espagne.

109 2185 1906 159 De même la Sardaigne qui fut occupée

80 2288 1932 143 même avant la Corse puisque c'est de là

87 2378 2082 151 que venaient les flottes qui attaquèrent celle¬

90 2510 589 126 ci (Klein Ibid)

79 2586 1936 165 La situation s aggrave quand l'Afrique,

79 2686 1944 149 travaillée par ses troubles endémiques s'est

71 2779 1991 161 organisée sous la dynastie des Aglabites re¬

84 2885 2004 147 connaissant le calife de Bagdad Haroun al

78 2978 2068 146 Rachid. En 812 les Sarrasins d'Afrique, mal¬

81 3100 2004 136 gré l arrivée d'une flotte grecque comman¬

85 3178 1972 165 dée par un patrice, laquelle est fortifiée de

61 3265 2018 201 bateaux de Gaete et d'Amalfi, pillent les îles

77 3368 2011 185 de Lampédouse, Ponza et Ischia (Ibid) Léon

75 3478 2083 160 III met les côtes de l'Italie en état de défense

77 3590 2002 149 et l'empereur lui envoye son cousin Wala

57 3688 2070 158 pour l'assister. Il écrit en même temps au

72 3786 2027 211 patrice Georges de Sicile pour s'entendre avec

83 3882 1962 158 lui. Mais celui-ci conclut une trêve de 10

87 3988 2161 159 ans avec Bagdad. Mais on n'en tient pas compte.

71 4091 2126 155 En juin 813 les Sarrasins d Afrique qui voguent

81 4213 2077 144 vers la Sardaigne sont engloutis par une tem¬

81 4305 2043 157 pête avec 100 vaisseaux, tandis que les Arabes

71 4419 1944 189 d Espagne ramènent de Corse 500 captifs

78 4541 1939 156 puis vont piller Civita Vecchia et Nice et se

72 4664 2004 130 jettent enfin sur la Sardaigne d'où on dit qu ils

58 4768 2133 145 sont repoussés par les habitants (Ibid.) Le Traité

2197 1744 544 154 Jaffé 2515.

2110 3329 763 160 Jaffé N°. 2524.
