4090 5080
3541.0 42.0 394.0 295.0 97

98.0 20.0 2030.0 159.0 sa profession et écrivit à Carthage dans les

95.0 127.0 1995.0 129.0 20 dernières années du Ve siècle. Boursouflé,

93.0 214.0 2083.0 158.0 incorrect, fait de la Mythologie allegorique, seul

84.0 324.0 2030.0 144.0 moyen d'en sauver les oripeaux chers encore aux

76.0 435.0 694.0 115.0 grammairiens.

155.0 505.0 1930.0 199.0 Chez tous les Germains, c est la même chose.

95.0 615.0 1987.0 175.0 Avitus est le grand homme chez les Burgon¬

101.0 719.0 142.0 124.0 des.

125.0 809.0 2020.0 188.0 Chez les Wisigoths, Euric déjà est entôuré de rhé¬

113.0 928.0 2003.0 165.0 teurs. Sidoine, malgré qu il ait defendu Cler¬

90.0 1041.0 1970.0 148.0 -mont contre eux, se remontre (449). Les rois c.

104.0 1153.0 2058.0 151.0 Wamba Sisebuth, Chindaswinth (417) sont

112.0 1244.0 2769.0 200.0 des écrivains. On a Leandre, Eugène de Tolede, Jean de Biclaro

103.0 1362.0 1996.0 167.0 Isidore de Séville. Et ces ducs Wisigoths é¬

121.0 1495.0 1741.0 136.0 crivent encore une bonne langue.

125.0 1606.0 1989.0 224.0 Enfin chez les Francs on a Chilpérie et plusieurs

118.0 1711.0 1939.0 204.0 lettrés dont il a été question plus haut et

125.0 1828.0 1949.0 146.0 dans ma brochure sus l'instruction des

127.0 1924.0 290.0 150.0 laïques.

228.0 2051.0 1883.0 167.0 Il faut enfin tenir compte de l'influence de

122.0 2144.0 1935.0 181.0 Constantinople. Nous savons qu'on y allait

132.0 2274.0 754.0 144.0 faire des études.

155.0 2353.0 1978.0 181.0 Elle paraît surtout avoir été l école des mé¬

121.0 2478.0 1970.0 180.0 decins comme on peut le constater par plu¬

115.0 2609.0 1575.0 196.0 sieurs épitèthes de Grégoire de Tours.

210.0 2771.0 2016.0 150.0 Ainsi donc on le voit, rien n'est changé.

112.0 2850.0 2030.0 175.0 La littérature dans toute la Méditerranée

129.0 2961.0 2007.0 168.0 occidentale continue si on ne veut pas dire

137.0 3066.0 2036.0 209.0 à fleurir, disons à végéter en tous cas à n'être

148.0 3174.0 2011.0 187.0 remplacée par rien d'autre, à Rome, Ravene,

160.0 3288.0 2044.0 200.0 Carthage, Tolède et de même en Gaule. Tout

111.0 3403.0 1997.0 167.0 cela vient du Sud en attendant les Anglo-

135.0 3493.0 2018.0 192.0 Saxons et tout cela est sans doute vieillot et

146.0 3597.0 1990.0 207.0 décadent. Mais c'est cependant la preuve que

119.0 3700.0 2003.0 208.0 la tradition subsiste. Puisque ces gens là écri¬

123.0 3816.0 2084.0 220.0 vent c'est qu'il y a encore pour eux un public

143.0 3937.0 2038.0 201.0 et un public même assez lettré. Les poètes ont

138.0 4042.0 2029.0 214.0 reporté sur les rois Germaniques les flagorne¬

150.0 4140.0 1966.0 216.0 ries qu'ils offraient jadis à l'empereur. A

162.0 4248.0 2094.0 213.0 part qu'ils sont plus plats, c'est la même chose.

153.0 4334.0 2006.0 215.0 Et cela dure en plein encore au VIIe siècle puisque

162.0 4424.0 1935.0 248.0 Gregoire le grand reprend alors Didier de Cahors

165.0 4566.0 1951.0 206.0 de passer son temps à la grammaire et que

160.0 4694.0 1951.0 202.0 pour l'Espagne nous avons des historiens assez

177.0 4791.0 2027.0 208.0 bon on peut dire jusqu'à la conquête arabe.

2159.0 426.0 895.0 180.0 Cf Coville Lyon, 226.

2424.0 657.0 1555.0 198.0 Superiorité de la litt. Wisig. Mani¬

2884.0 796.0 858.0 143.0 tius, Poésie, p. 402.

2229.0 917.0 319.0 132.0 Chintila
