3960 5049
3298.0 42.0 458.0 181.0 143

56.0 10.0 2037.0 124.0 que la circulation de l'or était une consé¬

56.0 122.0 1978.0 138.0 quence du commerce, il faut bien l'admet¬

55.0 217.0 1945.0 163.0 tre, puisque là où le commerce s'est conservé,

49.0 316.0 1975.0 149.0 c. a. d. dans l'Italie du Sud, l'or s'est conservé

55.0 413.0 427.0 162.0 également.

101.0 530.0 1933.0 146.0 A la suite de tout cela les marchands de

51.0 640.0 1952.0 142.0 profession de l intérieur ont disparu à la

35.0 739.0 2047.0 144.0 suite de leurs correspondants Orientaux. Il n'en

46.0 842.0 2002.0 166.0 est jamais plus question dans la littérature,

41.0 946.0 1971.0 157.0 car toutes les mentions qu'on trouve peuvent

27.0 1028.0 1965.0 188.0 être interprétées comme s appliquant à des

15.0 1143.0 2070.0 179.0 marchands occasionnels. Je ne trouve plus un

41.0 1265.0 2018.0 187.0 seul negociator du type mérovingien, c'est à

26.0 1371.0 2060.0 188.0 dire prêtant de l'argent à intérêt, se faisant

48.0 1491.0 1972.0 153.0 enterrer en sarcophage, donnant des biens

31.0 1606.0 2085.0 173.0 aux pauvres et aux églises. Rien ne nous montre

41.0 1717.0 2069.0 162.0 qu il y a encore dans les villes des colonies mar¬

41.0 1828.0 2075.0 159.0 chandes et des Domus negotiantum. Comme

42.0 1935.0 2017.0 158.0 classe, les marchands ont certainement dis¬

36.0 2056.0 2049.0 140.0 paru. Le commerce pas, car une époque sans au¬

31.0 2147.0 2020.0 195.0 cun échange est ipossible, mais il a pris une

23.0 2266.0 2062.0 149.0 autre nature. Comme on le verra plus loin, l'es¬

27.0 2358.0 2016.0 177.0 prit de l'époque leur est hostile. Il n'y en a pl

33.0 2484.0 2021.0 164.0 que dans les pays byzantins. La restriction du

23.0 2581.0 2059.0 189.0 savoir lire et écrire chez les laïques rend d'ail¬

12.0 2672.0 2031.0 202.0 leurs impossible le maintien d'une classe

24.0 2793.0 2019.0 169.0 de gens vivant normalement de vente et d'a¬

15.0 2930.0 2000.0 155.0 chat. Et la disparition du prêt a intérêt jette

43.0 3036.0 1938.0 178.0 aussi son jour sur la régression économique

22.0 3132.0 1726.0 173.0 produite par la fermeture de la mer.

69.0 3232.0 1906.0 181.0 Et qu'on ne pense pas que les Musulmans

35.0 3330.0 2050.0 181.0 d'Afrique et d Espagne ou même de Syrie auraient

22.0 3437.0 2015.0 180.0 pu se substituer aux anciens commerçants du

1.0 3520.0 2008.0 210.0 Levant byzantin. Tout d'abord entre eux et les

23.0 3629.0 2112.0 181.0 chrétiens, c'est la guerre perpétuelle. Ils ne Songent

23.0 3741.0 2008.0 157.0 pas à trafiquer, mais à piller. Pas un texte

20.0 3830.0 2034.0 175.0 n'en mentionne un seul établi en Gaule ou en

20.0 3912.0 2087.0 200.0 Italie. C'est un fait constaté que le commerçant

10.0 4039.0 2066.0 160.0 musulman ne s'installe pas en dehors de l'Is¬

7.0 4133.0 2139.0 190.0 lam. S ils ont fait le commerce, il l'ont fait entre

0.0 4253.0 2102.0 180.0 eux. On ne voit pas un seul indice d'un trafic

13.0 4378.0 2083.0 176.0 qui aurait existé depuis la conquête entre l'A¬

28.0 4482.0 2051.0 180.0 frique et les chretiens, sauf comme on l'a déjà

14.0 4600.0 2029.0 210.0 dit de la part des Chrétiens de l'Italie du Sud.

22.0 4690.0 1965.0 223.0 Mais rien de pareil pour ceux de la cote de

4.0 4803.0 1612.0 240.0 Provence ou disons du golfe de Lyon.

2068.0 86.0 704.0 138.0 Cf. pl haut p.84.

2074.0 182.0 1809.0 168.0 Il y avait encore un commerce d'or qui est

2053.0 265.0 1839.0 173.0 attesté par les tonlieux d'Arras et de Tournai,

2036.0 380.0 1870.0 205.0 < Voy .... part. pr. > auria auri, aurum. Guiman p .167

2700.0 495.0 371.0 104.0 Rolland p.37

2152.0 541.0 1751.0 233.0 Le port de Marseille est mort. Buch¬

2110.0 653.0 1729.0 242.0 ner p.  49 essaye vainement de montrer

2108.0 762.0 1795.0 235.0 qu il y a encore un petit commerce avec

2099.0 875.0 1712.0 193.0 l'Italie. Il dit lui m. que c'est pure

2085.0 964.0 1768.0 213.0 conjecture. Un texte de 822 est une con¬

2191.0 1134.0 590.0 128.0 ¬firmation.
