4090 5056
3659.0 54.0 283.0 283.0 88

181.0 8.0 1923.0 202.0 géliser les Francs, à acheter comme Bru¬

181.0 117.0 1944.0 194.0 nehaut, la paix à des barbares, à Couvrir

181.0 202.0 1914.0 223.0 d'argent comme Dagobert, le toit de S. De¬

189.0 320.0 1919.0 172.0 nys, à acheter des missoria à Constantino¬

172.0 396.0 1927.0 223.0 ple, à payer les frais de sa chancellerie, de

172.0 526.0 1944.0 186.0 sa scala et que sais-je encore ? Je veux bien

177.0 606.0 1905.0 211.0 qu'une partie de tout ça soit venu du bu¬

177.0 720.0 1922.0 202.0 tin d guerre sur les Germains et les Slaves et

172.0 800.0 1961.0 232.0 même, outre les subsides byzantins, des tri¬

189.0 931.0 1893.0 210.0 buts payés par les Goths après Theodoric et pl

181.0 1040.0 1935.0 207.0 tard les Lombards, mais ça ne suffit pas à

177.0 1175.0 434.0 194.0 expliquer.

181.0 1268.0 2020.0 202.0 Je ne vois donc qu'un moyen d'expliquer cela

198.0 1369.0 1969.0 223.0 et c'est le commerce. Il faut donc le considé¬

198.0 1491.0 1901.0 190.0 rer comme bien plus considérable qu'on ne

172.0 1584.0 1957.0 223.0 l a fait jusqu'ici et surtout se refuser à ad¬

168.0 1706.0 1948.0 198.0 mettre qu'il se soit borné à une importation

177.0 1841.0 1109.0 156.0 contre argent comptant.

219.0 1912.0 1906.0 215.0 Prou p. XI et CV cite la loi d Théodose dé¬

198.0 2013.0 1927.0 215.0 fendant de payer les barbares en or. Mais

206.0 2127.0 1885.0 211.0 il est visible que cette loi ne pouvait être

215.0 2224.0 1846.0 202.0 appliquée chez les barbares indépendants

198.0 2313.0 1994.0 244.0 de l'empereur. Lot, Ardin p 127 croit aussi

202.0 2456.0 1923.0 198.0 à ce drainage de l'or, et il revient là des¬

189.0 2553.0 1893.0 236.0 sus ds Glotz p. 358 Bloch aussi ds Annales

193.0 2683.0 1889.0 215.0 Janv 1933 p.1 sqq. Soetbeer III 307 est du

185.0 2810.0 481.0 194.0 même avis.

210.0 2894.0 1872.0 211.0 S il en avait été ainsi il est certain que la

185.0 3016.0 1956.0 190.0 reserve d'or de la Gaule n'aurait pu se main¬

185.0 3096.0 1986.0 224.0 tenir de Clovis à Charles Martel au moins c a d

181.0 3218.0 1948.0 203.0 pendant deux siècles et demi. Il a dû y a¬

185.0 3341.0 1969.0 193.0 voir des arrivages par où ? Par le commerce.

193.0 3459.0 1889.0 223.0 La Lex Wisig. ed Zeumer MGH. Leg. 4e t.I p.

206.0 3577.0 1961.0 227.0 404 dit " si quis transmarinus negotia¬

185.0 3699.0 2024.0 202.0 tor aurum, argentum, vestimenta vel quae¬

198.0 3817.0 1876.0 173.0 libet ornamenta provincialibus nostris

189.0 3897.0 1919.0 194.0 vendiderit et competenti pretio fuerint ve¬

193.0 3994.0 1948.0 194.0 numdata etc". Voilà donc une importation

189.0 4095.0 1902.0 206.0 d'or et on a une anecdote de Grégoire de

189.0 4234.0 2016.0 185.0 Tour à propos d'un naufrage devant Agde

202.0 4373.0 826.0 152.0 qui le confirme.

210.0 4470.0 1965.0 173.0 De plus Theodoric ds Cassiodore s'adressant

202.0 4584.0 1906.0 189.0 aux gens de Trieste qui n'ont pas de blé à

202.0 4706.0 1927.0 185.0 vendre dit que l'or ne peut donc venir

210.0 4786.0 367.0 211.0 chez eux.

2209.0 164.0 1349.0 206.0 En 631 le prétendant Sisenath offre

2323.0 227.0 1454.0 270.0 200 000 solides à Dagobert Richter 161.

2449.0 75.0 603.0 148.0 Richter p.98.

2125.0 2376.0 1804.0 248.0 Et aussi Luschin p. 32. D après lui le Stoc

2306.0 2506.0 1619.0 198.0 d or aurait consisté en monnaies ro¬

2306.0 2557.0 1678.0 232.0 maines et en orfèvreries. Il oublie qu 'on

2314.0 2671.0 1708.0 210.0 en importe voy p ex les missoria etc com¬

2306.0 2755.0 1568.0 223.0 mandés p le roi à Constantinople

2331.0 2928.0 443.0 185.0 Greg VI.2

2238.0 4419.0 1088.0 186.0 Auct. Antiq. XII.378.
