3993 5058
3495.0 40.0 467.0 248.0 205

38.0 12.0 2051.0 155.0 l'Islam et qui était devenue inapplicable

11.0 117.0 2003.0 137.0 après celle-ci comme le prouve bien la crise

0.0 214.0 2013.0 145.0 monétaire du VIIIe siècle. Il s explique par la

29.0 316.0 2054.0 156.0 volonté de s'accomoder à l etat actuel des cho¬

0.0 411.0 1992.0 159.0 ses, d'adapter la législation aux conditions

29.0 520.0 2037.0 158.0 nouvelles qui s imposent à la société, d'ac¬

42.0 628.0 2001.0 137.0 cepter les faits et de s'y soumettre afin de pou¬

20.0 716.0 1938.0 129.0 voir substituer l'ordre au désordre. Le

16.0 817.0 2000.0 159.0 nouveau système correspond à la régression

31.0 918.0 1730.0 155.0 économique à laquelle on est arrivé.

29.0 1007.0 1952.0 179.0 C'est un monométallisme argent. Là où

14.0 1129.0 1966.0 147.0 la nécessité de gros payemnts existait, on a

33.0 1234.0 2013.0 127.0 utilisé l'or, soit celui des pays où l'on en frap¬

8.0 1318.0 2059.0 150.0 pait encore, soit des espèces arabes ou byzan¬

12.0 1432.0 282.0 117.0 tines.

25.0 1477.0 2007.0 194.0 Il faut encore remarquer la maigreur du

14.0 1601.0 1984.0 187.0 stock monétaire et le peu de diffusion de

28.0 1711.0 2004.0 168.0 la monnaie. Elle apparait comme liée à ces

16.0 1799.0 2004.0 167.0 petits marchés locaux dont il sera question

11.0 1899.0 2020.0 162.0 plus loin. Et l'on comprend facilement qu'elle

7.0 1989.0 2072.0 196.0 ne joue plus qu'un rôle tout à fait secondaire

28.0 2107.0 1970.0 158.0 dans une société ou l'impôt a dis paru. On

28.0 2188.0 2040.0 162.0 arrive à la même conclusion en constatant

13.0 2301.0 2007.0 190.0 l insignifiance du Trésor Royal jadis si es¬

15.0 2393.0 2034.0 165.0 sentiel. La richesse mobilière est infime com¬

4.0 2525.0 1206.0 136.0 ¬parée à l'immobilière.

27.0 2562.0 2017.0 225.0 Charles a aussi introduit de nouveaux poids

47.0 2668.0 1946.0 193.0 et mesures dont les étalons étaient deposés

37.0 2760.0 2004.0 211.0 au Palais. Il y a donc ici aussi une rupture av.

43.0 2917.0 952.0 142.0 la tradition antique

29.0 2962.0 2041.0 209.0 Les Carolingiens rendent à la monnaie son ca¬

29.0 3040.0 2072.0 229.0 ractère royal. Ils la font surveiller par les comtes

32.0 3155.0 1938.0 187.0 et les missi et règlent le nombre des ateliers

24.0 3241.0 1972.0 225.0 (Prou L sqq) Mais déjà sous le règne de Charles le

19.0 3313.0 1994.0 246.0 Chauve, les comtes usurpent le droit de monnaie

24.0 3451.0 1985.0 192.0 (Ibid LIV). En 827 Louis le Pieux cède déjà un

23.0 3526.0 1989.0 212.0 atelier monétaire à une Eglise, mais la monnaie

3.0 3644.0 2023.0 202.0 qu'on y frappe y est encore royale (LVII) Mais en

19.0 3763.0 1953.0 194.0 920 Des église obtiennent le droit de frapper

2.0 3836.0 1991.0 170.0 monnaie à leur marque propre. C est l'usur¬

26.0 3909.0 1993.0 194.0 pation complète qu avait préparé l'abandon

29.0 4027.0 1619.0 186.0 par le roi de ses droits utiles (LXI).

37.0 4155.0 2064.0 178.0 En résumé, jusqu'à la réforme Carolingienne,

19.0 4265.0 1988.0 180.0 il n'y a eu pour l'Europe chrétienne qu'un seul

27.0 4379.0 2047.0 152.0 système monétaire, romain et méditerranéen.

26.0 4462.0 1992.0 166.0 Il y en a 2 maintenant correspondant chacun

10.0 4563.0 2026.0 171.0 à un domaine économique spécial : le byzantin

22.0 4680.0 2079.0 168.0 et le carolingien, l'Oriental et l'Occidental. La mon¬

18.0 4789.0 1976.0 143.0 naie a suivi le bouleversement économique au¬

32.0 4884.0 1981.0 152.0 quel s'ouvre l'histoire économique de l'Europe

2308.0 1221.0 1013.0 144.0 Prou Carol XXXI-XXXII

2069.0 1348.0 607.0 141.0 M. Bloch Or

2091.0 2541.0 530.0 112.0 Prou XXXVI

2774.0 2263.0 1127.0 168.0 Mais en 829 déjà les Ev. di¬

2721.0 2368.0 1223.0 126.0 sent à Louis le P. que les me¬

2705.0 2425.0 1247.0 147.0 sures sont diverses dans toutes

2691.0 2497.0 1228.0 165.0 les prov. Evidemmnt Charles ici

2669.0 2562.0 1228.0 158.0 c en beaucoup de points a voulu

2564.0 2656.0 1081.0 155.0 faire plus qu'il ne pouvait.

2716.0 2898.0 361.0 95.0 avant 781

2234.0 2983.0 1531.0 174.0 P. LXXIV. ateliers où on a frappé sous

2232.0 3059.0 1626.0 179.0 Charlem. Ch voulut pourtant en 805 centraliser

2233.0 3133.0 1743.0 183.0 la frappe au Palais (XLIX) mais il n'y réussit pas.

2189.0 3196.0 1798.0 204.0 Dès le règne de Louis le Pieux on monnayait

2195.0 3335.0 1163.0 135.0 dans la plupart des cités (L)
