3960 5049
3193.0 138.0 536.0 412.0 119

64.0 92.0 674.0 183.0 12 février 1935,

1411 403 953 205 Chapitre IV.

631 673 2989 258 L'expansion de l'Islam dans la Méditerranée.

1911 1187 148 97 1.

70 1268 2006 207 Rien de mieux pour comprendre l'expan¬

46 1382 2002 143 sion de l'Islam au VIIe siècle que de la com¬

47 1464 2085 165 parer, -dans son emprise sur l'Empire Romain-

47 1548 2012 184 aux invasions germaniques. <...> Celles-

50 1619 2081 195 ci sont l'aboutissement d'une situation aussi veille,

36 1730 2004 191 plus vieille même que l'Empire et qui a pesé

36 1842 1976 159 pl ou moins lourdement sur toute son his¬

46 1915 2058 207 toire. Quand l'Empire, ses frontières crevées, aban¬

44 1994 2066 203 donne la lutte, ses envahisseurs se laissent aus¬

30 2106 1990 201 sitôt absorber par lui et dans la mesure du

27 2185 2027 214 possible, continuent sa civilisation et entrent

33 2277 2041 208 dans cette communauté méditerranéenne sur

39 2446 962 149 laquelle elle repose.

42 2481 2034 211 Au contraire, avant l'époque de Mahomet, l 'Em¬

28 2600 1981 182 pire n'a pas eu ou à peine de rapports avec la

28 2701 1984 195 penisule arabique. Il s'est contenté d'opposer

33 2802 2018 177 un limes à<.>ces nomades incommodes pour pro¬

36 2903 1998 199 téger la Syrie contre leurs bandes, un peu com¬

24 2978 2024 194 me au Nord de la Bretagnes, il avait construit

25 3087 2040 188 Un mur contre les incursions des Pictes, mais

38 3178 2014 202 ce limes syrien dont on reconnait encore au¬

28 3257 2022 228 jourd'hui quelques ruines à travers le désert,

44 3354 2018 200 n'est en rien comparable à celui du Rhin ou du

47 3450 1985 204 Danube L'Empire ne l'a jamais considéré comme

53 3523 2051 249 un de ses points sensibles ni massé là une gde

33 3628 2063 242 partie de ses forces militaires. C était une ligne

39 3741 2040 200 de surveillance traversée par les caravanes ap¬

30 3842 2032 202 portant les parfums et les aromates. L'Empire

48 3932 1989 202 Perse, lui aussi voisin de l'Arabie avait agi de

35 4039 1982 211 même à son égard. En somme, on ne pensait pas

43 4133 1963 214 avoir rien à craindre des Bédouins nomades

38 4232 2024 207 de la Péninsule dont l etat de civilisation était au

33 4342 2021 196 stade de la tribu, dont les Croyances religieuses s'é

15 4445 2028 216 levaient à peine au dessus du stade du féti¬

22 4589 1967 196 chisme et qui passaient leur temps à se faire

25 4681 2006 171 la guerre ou à piller les caravanes qui allaient du

33 4785 2094 194 Sud au Nord, du Yemen vers la Palestine, la Syrie et

2139.0 2567.0 1663.0 187.0 On n'a pas à parler ici du royaume d Palmire

2119.0 2659.0 1671.0 173.0 detruit p. Aurelien au IIIe s. et qui est au N de la

2099.0 2786.0 962.0 131.0 Peninsule, Vassil I, 265.

2107.0 3049.0 1724.0 199.0 Cf Vassiliev I 265. Citant Dussaud,

2082.0 3138.0 1796.0 216.0 Les Arabes en Syrie avant l'Islam, Paris,

2135.0 3329.0 267.0 107.0 1907.
