3978 5058
3492 101 383 352 194

77 30 1991 178 Quant au pape qui, à partir de 772 n'in¬

29 145 2214 147 dique plus les années de l'empereur dans ses

33 224 2065 182 bulles (Jaffé, 289) en attendant qu'à partir de

0 312 2142 181 781, il y indique les siennes, il cherche évidem¬

39 409 2059 175 ment à s'étendre. Mais il rencontre l'op¬

55 520 2046 170 position du prince lombard de Bénévent et

23 636 2078 178 du patrice de Sicile qui gouverne (ou prétend

42 744 2119 162 gouverner) au nom de l'empereur, la Sicile,

42 862 2020 155 la Calabre et le duché de Naples. Charles ne

2 973 2063 172 songeait pas cependant à livrer l Italie au

0 1053 2085 216 pape. Quand il vint à Rome pour la seconde

24 1155 1979 176 fois aux fêtes de Pâques de 780, il empêcha le

0 1223 2133 201 pape entre autres de s'étendre sur Spolète

10 1360 1748 162 dont le duc se reconnut son sujet.

45 1471 2121 192 L'empire byzantin où Léon IV venait de mou¬

13 1588 2120 153 rir et où Irène renonçait à l'iconoclastie

12 1685 2076 163 esquissait un rapprochement. En 781 une

38 1778 2149 160 ambassade de Constantinople venait de¬

9 1894 2037 141 mander à Charles la main de se fille Ro¬

2 2007 2132 156 trude pour le jeune empereur, et les fiançailles

23 2118 1486 179 furent conclues (Gansh. 425)

45 2214 2059 191 Fin 786 Charles de nouveau à Rome. Il y est

41 2336 2236 169 surtout appelé par Bénévent dont il sou¬

17 2453 1965 135 met le duc. Mais à peine est-il parti que

14 2553 2109 161 le duc Arichis manigance une alliance avec

25 2658 1993 174 Byzance. Il recevra le titre de patrice et

0 2741 2067 192 représentera l'empereur en Italie et même

23 2857 2129 211 à Rome. Ainsi, il y a donc un retour offen¬

10 2982 2095 180 sif de Byzance contre le pape et donc contre

14 3109 2041 155 Charles. Le choc qui se produisit en 788 n'a¬

31 3220 2014 189 boutit qu'à renforcer l emprise de Charles

37 3304 2084 173 sur Benévent et à lui valoir dans le Nord

24 3418 2066 178 la conquête de l'Istrie (Ibid. 427). Jamais

31 3510 2031 173 d'ailleurs Charles ne put vraiment s'impo¬

22 3631 2117 163 ser à Benevent. Il fallut faire des expéditions

17 3740 2063 153 sans succès contre le duc en 791, 792-93,

19 3849 1081 158 800, 801-802 (Ibid)

56 3969 2044 186 Charles protège donc le pape par vénération

16 4101 2064 147 pour S. Pierre, mais il ne se subordonne pas

16 4201 1995 152 à lui comme Pepin. Il a même la préten¬

0 4297 2073 160 tion de lui dicter sa conduite en matière de

20 4402 2045 184 dogme. Après la réprobation de l'iconoclastie

13 4514 2082 161 par le concile de Nicée en 787, qui au p.d.v.

22 4624 2035 167 dogmatique réconcilie Rome et Constan¬

31 4731 2016 174 tinople, Charles refuse d'en accepter les dé¬

33 4832 2081 171 cisions. Il fit compiler par des théologiens contre
