<?xml version="1.0" encoding="UTF-8"?>
<alto xmlns:xsi="http://www.w3.org/2001/XMLSchema-instance"
      xmlns="http://www.loc.gov/standards/alto/ns-v4#"
      xsi:schemaLocation="http://www.loc.gov/standards/alto/ns-v4# http://www.loc.gov/standards/alto/v4/alto-4-2.xsd">
  <Description>
    <MeasurementUnit>pixel</MeasurementUnit>
    <sourceImageInformation>
      <fileName>Image00047.tif</fileName>
    </sourceImageInformation>
  </Description>
  <Tags>
    <OtherTag ID="BT25" LABEL="MainZone" DESCRIPTION="block type MainZone"/><OtherTag ID="BT26" LABEL="MarginTextZone" DESCRIPTION="block type MarginTextZone"/><OtherTag ID="BT27" LABEL="TitlePageZone" DESCRIPTION="block type TitlePageZone"/><OtherTag ID="BT28" LABEL="text" DESCRIPTION="block type text"/><OtherTag ID="BT30" LABEL="NumberingZone" DESCRIPTION="block type NumberingZone"/><OtherTag ID="BT31" LABEL="CustomZone:Numbering" DESCRIPTION="block type CustomZone:Numbering"/>
    <OtherTag ID="LT15" LABEL="DefaultLine" DESCRIPTION="line type DefaultLine"/><OtherTag ID="LT16" LABEL="HeadingLine" DESCRIPTION="line type HeadingLine"/><OtherTag ID="LT17" LABEL="InterlinearLine:addition" DESCRIPTION="line type InterlinearLine:addition"/><OtherTag ID="LT18" LABEL="InterlinearLine:correction" DESCRIPTION="line type InterlinearLine:correction"/><OtherTag ID="LT19" LABEL="default" DESCRIPTION="line type default"/>
  </Tags>
  <Layout>
    <Page WIDTH="4090"
          HEIGHT="5056"
          PHYSICAL_IMG_NR="46"
          ID="eSc_dummypage_">
      <PrintSpace HPOS="0"
                  VPOS="0"
                  WIDTH="4090"
                  HEIGHT="5056">
        <TextBlock HPOS="3653.0"
                   VPOS="53.0"
                   WIDTH="353.0"
                   HEIGHT="210.0"
                   ID="eSc_textblock_18a8dce6"
                   TAGREFS="BT30">
          <Shape><Polygon POINTS="3653 263 3653 53 4006 53 4006 263"/></Shape>
          <TextLine ID="eSc_line_0928a58d"
                    TAGREFS="LT15"
                    BASELINE="3679 148 3933 158" 
                    HPOS="3676.0"
                    VPOS="91.0"
                    WIDTH="311.0"
                    HEIGHT="131.0">
            <Shape><Polygon POINTS="3716 91 3987 99 3926 222 3676 211 3681 91"/></Shape>
	    <String CONTENT="44"
                    HPOS="3676.0"
                    VPOS="91.0"
                    WIDTH="311.0"
                    HEIGHT="131.0"></String>
          </TextLine>
        </TextBlock>
        <TextBlock HPOS="59.0"
                   VPOS="53.0"
                   WIDTH="2548.0"
                   HEIGHT="5003.0"
                   ID="eSc_textblock_7b79def0"
                   TAGREFS="BT25">
          <Shape><Polygon POINTS="2271 62 2266 4695 2607 4741 2509 5056 59 4992 59 53"/></Shape>
          <TextLine ID="eSc_line_e967a34a"
                    TAGREFS="LT15"
                    BASELINE="95 146 882 146 2027 101" 
                    HPOS="92.0"
                    VPOS="50.0"
                    WIDTH="1936.0"
                    HEIGHT="141.0">
            <Shape><Polygon POINTS="1952 53 1980 67 2025 68 2028 138 1970 135 1662 154 1660 154 1601 140 1533 157 1528 157 1410 148 1362 171 1356 171 1266 154 1143 176 1140 176 693 174 626 191 620 191 95 176 95 146 92 109 95 98 303 84 319 59 398 67 491 106 542 92 550 92 575 103 601 87 612 78 623 78 651 87 707 101 738 84 750 78 758 78 775 84 828 98 851 81 862 81 915 95 1095 92 1129 75 1143 67 1151 67 1168 73 1205 87 1241 73 1247 70 1264 70 1328 84 1353 70 1368 58 1379 58 1407 67 1452 81 1514 64 1570 50 1691 50 1713 58 1741 73 1789 58 1806 53"/></Shape>
	    <String CONTENT="se déifier de la dynastie. Amalasuntha"
                    HPOS="92.0"
                    VPOS="50.0"
                    WIDTH="1936.0"
                    HEIGHT="141.0"></String>
          </TextLine>
          <TextLine ID="eSc_line_4e9a31a0"
                    TAGREFS="LT15"
                    BASELINE="84 247 957 244 2027 200" 
                    HPOS="81.0"
                    VPOS="148.0"
                    WIDTH="1947.0"
                    HEIGHT="138.0">
            <Shape><Polygon POINTS="2025 161 1988 168 1957 160 1915 148 1912 148 1910 148 1907 148 1904 148 1890 162 1876 171 1671 165 1609 165 1606 165 1603 165 1598 168 1561 185 1508 185 1491 168 1483 162 1483 160 1480 160 1477 160 1474 160 1289 165 1286 165 1266 174 1230 191 1193 176 1174 168 1171 168 1168 168 1165 168 1146 176 1109 196 612 207 550 188 539 185 536 185 533 185 320 191 317 191 308 193 272 207 241 193 238 193 235 193 233 193 230 193 224 196 168 213 89 199 81 221 84 247 84 275 609 286 612 286 778 269 1196 269 1199 269 1202 269 1278 247 1280 247 1283 247 1337 264 1339 264 1342 264 1494 247 1553 261 1556 261 1559 261 1561 261 1603 241 1702 255 1705 255 1707 255 1710 255 1741 235 1744 233 2028 227"/></Shape>
	    <String CONTENT="avait été une servante d l Empereur. Son"
                    HPOS="81.0"
                    VPOS="148.0"
                    WIDTH="1947.0"
                    HEIGHT="138.0"
                    WC="0.9765973895788193"></String>
          </TextLine>
          <TextLine ID="eSc_line_3176b37a"
                    TAGREFS="LT15"
                    BASELINE="87 342 761 348 2143 311" 
                    HPOS="84.0"
                    VPOS="255.0"
                    WIDTH="2059.0"
                    HEIGHT="135.0">
            <Shape><Polygon POINTS="87 342 87 379 365 390 367 390 775 382 778 382 823 365 825 365 845 365 1078 376 1081 376 1084 376 1118 362 1219 373 1221 373 1404 353 1412 353 1421 353 1648 365 1651 365 1721 351 1766 362 1769 362 1772 362 1775 362 1778 362 1797 345 1800 345 1811 345 1997 356 2000 356 2140 337 2143 311 2134 266 2042 275 2011 266 1966 255 1963 255 1960 255 1957 255 1929 269 1918 275 1910 269 1896 258 1893 258 1890 258 1792 258 1789 258 1786 258 1783 258 1764 272 1761 272 1755 272 1643 264 1640 264 1637 264 1606 275 1581 286 1469 286 1443 278 1410 266 1407 266 1404 266 1401 266 1376 280 1353 292 1002 294 977 286 955 280 952 280 949 280 946 280 943 280 935 289 926 294 910 289 884 280 882 280 879 280 876 280 851 289 831 297 794 292 735 280 733 280 730 280 685 292 648 303 626 294 601 283 598 283 595 283 592 283 547 294 508 306 474 297 435 286 432 286 429 286 317 300 224 311 185 303 151 294 148 294 146 294 84 303 87 342"/></Shape>
	    <String CONTENT="mari Theodaha l assassin est un platonicien"
                    HPOS="84.0"
                    VPOS="255.0"
                    WIDTH="2059.0"
                    HEIGHT="135.0"
                    WC="0.9750060990452767"></String>
          </TextLine>
          <TextLine ID="eSc_line_23e9528e"
                    TAGREFS="LT15"
                    BASELINE="98 477 2115 443" 
                    HPOS="95.0"
                    VPOS="384.0"
                    WIDTH="2020.0"
                    HEIGHT="141.0">
            <Shape><Polygon POINTS="98 477 103 525 148 497 359 516 429 522 432 522 435 522 463 514 483 508 617 508 705 508 707 508 710 508 713 508 713 505 716 505 735 488 789 502 809 508 811 508 814 508 859 499 884 497 896 499 926 511 929 511 932 511 935 511 974 497 1002 488 1067 494 1216 508 1219 508 1221 508 1224 508 1224 505 1244 488 1247 488 1258 488 1353 494 1356 494 1359 494 1382 483 1396 477 1410 483 1421 488 1424 488 1427 488 1480 480 1525 474 1533 480 1561 494 1564 494 1567 494 1747 471 1786 469 1809 471 1898 483 1901 483 2025 471 2047 485 2050 485 2053 485 2056 485 2059 485 2115 460 2115 443 2109 398 1946 384 1943 384 1870 387 1868 387 1865 387 1848 401 1837 410 1803 404 1778 398 1775 398 1772 398 1769 398 1764 404 1752 412 1710 404 1688 401 1685 401 1618 407 1508 415 1488 410 1443 393 1441 393 1438 393 1325 412 1266 421 1182 415 1061 404 1059 404 1056 404 1053 404 1053 407 1039 418 1033 424 1011 418 957 401 955 401 952 401 949 401 915 418 901 426 870 421 800 404 797 404 794 404 792 404 772 421 761 429 693 424 603 415 601 415 500 426 429 435 404 429 351 412 348 412 345 412 342 412 283 432 258 438 227 432 137 415 134 415 132 415 95 429 98 477"/></Shape>
	    <String CONTENT="qui se pique de dédaigner les armes. Ever¬"
                    HPOS="95.0"
                    VPOS="384.0"
                    WIDTH="2020.0"
                    HEIGHT="141.0"></String>
          </TextLine>
          <TextLine ID="eSc_line_add39be0"
                    TAGREFS="LT15"
                    BASELINE="89 556 415 584 705 587 2179 544" 
                    HPOS="89.0"
                    VPOS="483.0"
                    WIDTH="2090.0"
                    HEIGHT="149.0">
            <Shape><Polygon POINTS="89 609 362 606 367 609 384 623 387 623 390 623 393 623 396 623 429 609 592 632 595 632 794 615 904 623 907 623 910 623 1014 595 1019 595 1022 595 1056 617 1059 617 1061 617 1064 617 1067 617 1106 601 1233 617 1235 617 1410 595 1685 606 1688 606 1828 581 1845 578 1848 581 1882 601 1884 601 1887 601 1890 603 1974 603 1974 601 1977 601 2028 575 2044 570 2177 573 2179 544 2171 483 2112 485 2109 485 2106 485 2078 508 2016 491 2014 491 2011 491 2008 491 2005 491 1974 514 1884 514 1845 494 1842 494 1839 494 1837 494 1761 514 1544 502 1542 502 1539 502 1536 502 1508 522 1278 525 1250 508 1247 508 1244 508 1241 508 1238 508 1182 530 1061 530 985 508 983 508 980 508 977 508 887 536 721 539 620 516 617 516 615 516 567 542 522 530 519 530 516 530 514 530 466 547 401 547 362 522 359 522 356 522 353 522 89 528 89 556 89 609"/></Shape>
	    <String CONTENT="mud son beau-fils s&#x27;est rendu tout de suite"
                    HPOS="89.0"
                    VPOS="483.0"
                    WIDTH="2090.0"
                    HEIGHT="149.0"
                    WC="0.9946592527887096"></String>
          </TextLine>
          <TextLine ID="eSc_line_853eb254"
                    TAGREFS="LT15"
                    BASELINE="95 671 738 702 1446 671 2092 660" 
                    HPOS="92.0"
                    VPOS="612.0"
                    WIDTH="2000.0"
                    HEIGHT="123.0">
            <Shape><Polygon POINTS="95 702 227 702 230 702 255 721 258 721 261 721 438 735 441 735 901 733 904 733 935 719 1005 730 1008 730 1132 721 1134 721 1174 702 1205 716 1207 716 1210 716 1418 693 1435 693 1449 693 1632 710 1634 710 1637 710 1640 710 1665 693 1794 724 1797 724 1800 724 1803 724 1839 690 1842 690 2089 690 2092 660 2087 626 1887 612 1884 612 1643 626 1553 614 1480 629 1415 615 1412 615 1410 615 1365 629 1345 634 1334 629 1309 615 1306 615 1303 615 1300 615 1250 629 1196 646 1140 629 1118 623 1115 623 1112 623 1109 623 1087 632 999 634 592 648 570 634 570 632 567 632 564 632 561 632 559 632 550 634 491 654 407 654 376 634 365 626 362 626 359 626 356 626 353 626 334 634 317 643 303 634 280 623 278 623 275 623 92 634 95 671"/></Shape>
	    <String CONTENT="à Bélisaire, préférant aller vivre en patri¬"
                    HPOS="92.0"
                    VPOS="612.0"
                    WIDTH="2000.0"
                    HEIGHT="123.0"
                    WC="0.9987800227271186"></String>
          </TextLine>
          <TextLine ID="eSc_line_dab25ade"
                    TAGREFS="LT15"
                    BASELINE="87 778 466 811 834 811 2238 764" 
                    HPOS="87.0"
                    VPOS="705.0"
                    WIDTH="2151.0"
                    HEIGHT="154.0">
            <Shape><Polygon POINTS="379 831 387 834 418 851 421 851 424 851 426 851 477 839 654 859 657 859 912 834 977 851 980 851 983 851 1115 831 1235 845 1238 845 1382 817 1410 811 1441 814 1598 837 1601 837 1721 811 1744 806 1758 808 1780 817 1783 817 1786 817 1862 808 1907 803 1921 806 1963 823 1966 823 1969 823 1971 823 1974 823 1997 806 2016 792 2236 800 2238 764 2233 733 2118 705 2115 705 2112 705 2109 705 2084 727 2030 707 2028 707 2025 707 2022 707 1974 721 1935 710 1932 710 1929 710 1927 710 1882 735 1873 738 1845 735 1766 724 1764 724 1761 724 1758 724 1744 735 1733 744 1634 744 1603 738 1530 719 1528 719 1525 719 1522 719 1519 719 1494 724 1469 718 1463 738 1429 721 1427 721 1424 721 1421 721 1418 721 1390 738 1368 752 1331 741 1303 730 1300 730 1297 730 1294 730 1292 730 1275 741 1250 755 1146 741 1115 738 1112 738 1109 738 1101 741 1067 761 893 764 870 747 868 747 865 747 862 747 859 747 856 747 831 764 674 755 671 755 553 772 508 747 500 744 497 744 494 744 463 747 342 766 120 752 87 778 87 834"/></Shape>
	    <String CONTENT="cien à Constantinople plutôt que de défendre"
                    HPOS="87.0"
                    VPOS="705.0"
                    WIDTH="2151.0"
                    HEIGHT="154.0"
                    WC="0.9974544657902285"></String>
          </TextLine>
          <TextLine ID="eSc_line_8984c6b2"
                    TAGREFS="LT15"
                    BASELINE="101 890 811 918 2258 879" 
                    HPOS="98.0"
                    VPOS="814.0"
                    WIDTH="2160.0"
                    HEIGHT="143.0">
            <Shape><Polygon POINTS="101 890 101 935 668 957 671 957 674 957 676 957 699 943 1059 952 1061 952 1306 926 1345 924 1353 926 1384 940 1387 940 1390 940 1483 926 1519 943 1522 943 1525 943 1677 924 1750 915 1814 924 1935 938 1938 940 2014 940 2014 938 2016 938 2053 921 2078 910 2146 910 2165 921 2191 932 2193 932 2196 932 2255 918 2258 879 2250 814 1977 817 1974 817 1971 817 1943 839 1797 853 1713 828 1710 828 1707 828 1705 828 1646 859 1592 859 1559 834 1556 834 1553 834 1550 834 1547 834 1477 859 1207 837 1205 837 1202 837 1148 865 1081 867 811 867 775 845 772 845 769 845 766 845 764 845 688 870 564 856 561 856 480 870 457 856 455 856 452 856 449 856 373 865 345 851 323 839 320 839 317 839 98 853 101 890"/></Shape>
	    <String CONTENT="la cause de Ses compatriotes barbares (Hart¬"
                    HPOS="98.0"
                    VPOS="814.0"
                    WIDTH="2160.0"
                    HEIGHT="143.0"
                    WC="0.9915909462196882"></String>
          </TextLine>
          <TextLine ID="eSc_line_0a4c5908"
                    TAGREFS="LT15"
                    BASELINE="103 999 716 1025" 
                    HPOS="101.0"
                    VPOS="938.0"
                    WIDTH="615.0"
                    HEIGHT="143.0">
            <Shape><Polygon POINTS="101 1025 205 1047 207 1047 303 1044 345 1044 353 1050 370 1064 373 1064 376 1064 379 1064 437 1075 480 1066 508 1064 525 1075 528 1075 530 1075 533 1075 567 1070 592 1064 710 1081 716 1025 707 960 657 977 629 957 626 957 623 957 620 957 617 957 615 957 584 977 424 949 418 949 415 949 412 949 410 949 373 974 176 969 146 940 146 938 143 938 140 938 103 938 103 999"/></Shape>
	    <String CONTENT="mann I 261)"
                    HPOS="101.0"
                    VPOS="938.0"
                    WIDTH="615.0"
                    HEIGHT="143.0"
                    WC="0.9471570345071646"></String>
          </TextLine>
          <TextLine ID="eSc_line_6ac65535"
                    TAGREFS="LT15"
                    BASELINE="89 1109 674 1126 1786 1078 2185 1072" 
                    HPOS="87.0"
                    VPOS="1008.0"
                    WIDTH="2098.0"
                    HEIGHT="160.0">
            <Shape><Polygon POINTS="89 1148 289 1160 292 1160 294 1160 339 1143 382 1168 384 1168 387 1168 390 1168 393 1168 396 1168 415 1154 514 1165 516 1165 837 1157 952 1137 1070 1146 1073 1146 1075 1146 1078 1146 1095 1131 1266 1146 1269 1146 1480 1115 1494 1126 1497 1126 1500 1126 1502 1126 1640 1112 1685 1129 1688 1129 1691 1129 1693 1129 1696 1129 1696 1126 1713 1109 1750 1123 1752 1123 1755 1123 1758 1123 1803 1103 1806 1103 1811 1103 1884 1115 1887 1115 2185 1092 2185 1072 2179 1033 2019 1008 2016 1008 1938 1014 1935 1014 1932 1014 1904 1036 1898 1036 1803 1014 1800 1014 1797 1014 1719 1039 1693 1044 1648 1039 1542 1022 1539 1022 1536 1022 1494 1039 1463 1056 1323 1056 1286 1042 1252 1030 1250 1030 1247 1030 1244 1030 1210 1044 1171 1058 1109 1044 1053 1033 1050 1033 1047 1033 1044 1033 1025 1044 994 1067 943 1067 893 1047 870 1039 868 1039 865 1039 862 1039 845 1047 800 1072 674 1097 556 1091 496 1081 452 1081 418 1094 386 1091 348 1078 323 1061 320 1061 317 1061 314 1061 311 1061 275 1078 199 1056 196 1056 193 1056 191 1056 87 1056 89 1109"/></Shape>
	    <String CONTENT="Il est donc tout naturel que se sentant me¬"
                    HPOS="87.0"
                    VPOS="1008.0"
                    WIDTH="2098.0"
                    HEIGHT="160.0"
                    WC="0.9879183173179626"></String>
          </TextLine>
          <TextLine ID="eSc_line_a2023af8"
                    TAGREFS="LT15"
                    BASELINE="87 1224 710 1233 2129 1168" 
                    HPOS="87.0"
                    VPOS="1123.0"
                    WIDTH="2042.0"
                    HEIGHT="152.0">
            <Shape><Polygon POINTS="87 1261 278 1261 306 1275 308 1275 311 1275 314 1275 373 1255 474 1275 477 1275 997 1255 1000 1255 1028 1241 1146 1249 1148 1249 1151 1249 1205 1233 1398 1241 1401 1241 1525 1216 1713 1224 1716 1224 1904 1199 2103 1205 2106 1205 2109 1205 2112 1205 2129 1190 2129 1168 2123 1134 1879 1123 1876 1123 1873 1123 1811 1143 1794 1146 1738 1143 1567 1134 1564 1134 1561 1134 1508 1151 1483 1157 1460 1151 1418 1140 1415 1140 1412 1140 1410 1140 1407 1140 1407 1143 1393 1154 1384 1162 1328 1165 1230 1165 1213 1157 1193 1148 1191 1148 1188 1148 1185 1148 1182 1148 1168 1160 1154 1168 1143 1160 1132 1151 1129 1151 1126 1151 1123 1151 1070 1162 1014 1176 837 1179 809 1168 792 1162 789 1162 786 1162 783 1162 752 1171 705 1185 671 1174 665 1171 662 1171 660 1171 634 1174 536 1190 463 1179 443 1176 441 1176 438 1176 426 1179 384 1193 87 1190 87 1224 87 1261"/></Shape>
	    <String CONTENT="nacés, les soldats aient élevé sur le bouclier un"
                    HPOS="87.0"
                    VPOS="1123.0"
                    WIDTH="2042.0"
                    HEIGHT="152.0"
                    WC="0.9783066803333806"></String>
          </TextLine>
          <TextLine ID="eSc_line_0091fc6e"
                    TAGREFS="LT15"
                    BASELINE="84 1331 567 1345 2092 1280" 
                    HPOS="84.0"
                    VPOS="1219.0"
                    WIDTH="2008.0"
                    HEIGHT="171.0">
            <Shape><Polygon POINTS="84 1373 471 1390 474 1390 741 1367 845 1376 848 1376 969 1348 1019 1370 1022 1370 1025 1370 1028 1370 1132 1339 1314 1353 1317 1353 1320 1353 1379 1331 1491 1339 1494 1339 1637 1320 1688 1334 1691 1334 1693 1334 1797 1311 1806 1311 1814 1311 1932 1337 1935 1337 1938 1337 1941 1337 1986 1306 1988 1303 2092 1300 2092 1280 2084 1219 1806 1255 1758 1238 1755 1238 1752 1238 1750 1238 1710 1261 1502 1264 1471 1249 1469 1249 1466 1249 1328 1269 1269 1249 1264 1247 1261 1247 1258 1247 1241 1249 1098 1280 997 1258 988 1258 985 1258 983 1258 980 1258 955 1278 890 1264 879 1261 876 1261 873 1261 870 1261 870 1264 868 1264 839 1292 783 1294 84 1294 84 1331 84 1373"/></Shape>
	    <String CONTENT="de leurs officiers, Witiges. C&#x27;est encore une fois"
                    HPOS="84.0"
                    VPOS="1219.0"
                    WIDTH="2008.0"
                    HEIGHT="171.0"
                    WC="0.9917902946472168"></String>
          </TextLine>
          <TextLine ID="eSc_line_096596ad"
                    TAGREFS="LT15"
                    BASELINE="78 1438 480 1455 1095 1440" 
                    HPOS="75.0"
                    VPOS="1396.0"
                    WIDTH="1020.0"
                    HEIGHT="103.0">
            <Shape><Polygon POINTS="78 1438 78 1469 137 1469 140 1469 171 1497 174 1497 176 1497 179 1497 283 1474 438 1497 441 1499 747 1499 747 1497 750 1497 786 1477 853 1494 856 1494 859 1494 862 1494 941 1466 943 1466 1092 1466 1095 1440 1087 1396 446 1410 415 1396 412 1396 410 1396 407 1396 370 1410 75 1396 78 1438"/></Shape>
	    <String CONTENT="un pronunciamiento."
                    HPOS="75.0"
                    VPOS="1396.0"
                    WIDTH="1020.0"
                    HEIGHT="103.0"
                    WC="0.9958950532110113"></String>
          </TextLine>
          <TextLine ID="eSc_line_b7514bad"
                    TAGREFS="LT15"
                    BASELINE="89 1567 752 1578 1544 1539 2205 1522" 
                    HPOS="87.0"
                    VPOS="1466.0"
                    WIDTH="2118.0"
                    HEIGHT="157.0">
            <Shape><Polygon POINTS="89 1567 92 1609 134 1598 202 1606 325 1623 328 1623 733 1612 735 1612 738 1612 738 1609 758 1592 806 1612 809 1612 811 1612 1126 1589 1168 1603 1171 1603 1174 1603 1176 1603 1179 1603 1199 1584 1292 1572 1356 1567 1365 1572 1384 1581 1387 1581 1390 1581 1514 1567 1564 1561 1570 1564 1587 1578 1589 1578 1592 1578 1595 1578 1665 1561 1685 1556 2202 1544 2205 1522 2199 1466 2056 1466 2053 1466 2050 1466 2047 1466 2044 1469 2011 1494 1873 1494 1837 1474 1831 1471 1828 1471 1825 1471 1823 1471 1814 1474 1766 1491 1733 1474 1721 1471 1719 1471 1716 1471 1713 1471 1702 1477 1674 1488 1626 1477 1603 1474 1601 1474 1544 1480 1300 1511 1261 1485 1255 1483 1252 1483 1250 1483 1185 1483 1182 1483 1179 1483 1165 1488 1123 1508 1042 1497 1039 1497 1036 1497 1033 1497 1005 1519 938 1519 853 1505 851 1505 848 1505 789 1522 724 1511 721 1511 719 1511 688 1528 452 1530 370 1511 367 1511 365 1511 362 1511 359 1511 325 1533 275 1511 261 1505 258 1505 255 1505 87 1513 89 1567"/></Shape>
	    <String CONTENT="Witiges ne put prendre Rome où Bélisaire s est"
                    HPOS="87.0"
                    VPOS="1466.0"
                    WIDTH="2118.0"
                    HEIGHT="157.0"
                    WC="0.992655172612932"></String>
          </TextLine>
          <TextLine ID="eSc_line_98b98311"
                    TAGREFS="LT15"
                    BASELINE="92 1676 713 1693 1575 1637 2182 1617" 
                    HPOS="92.0"
                    VPOS="1558.0"
                    WIDTH="2090.0"
                    HEIGHT="205.0">
            <Shape><Polygon POINTS="165 1713 230 1744 233 1744 235 1744 238 1744 311 1716 483 1735 485 1735 539 1763 851 1724 949 1699 1087 1707 1089 1707 1092 1707 1168 1685 1235 1696 1238 1696 1393 1674 1463 1674 1514 1702 1516 1702 1519 1702 1522 1702 1525 1702 1609 1660 1612 1660 1679 1660 1702 1660 1738 1682 1741 1682 1744 1682 1747 1682 1750 1682 1752 1682 1792 1654 1794 1651 2182 1640 2182 1617 2174 1558 1896 1572 1893 1572 1890 1572 1870 1587 1786 1570 1780 1570 1778 1570 1775 1570 1772 1570 1727 1598 1373 1584 1353 1584 1351 1584 1348 1584 1345 1584 1278 1617 1157 1608 952 1615 949 1615 946 1615 898 1629 856 1601 853 1601 851 1601 848 1601 778 1642 702 1637 539 1640 494 1620 491 1620 488 1620 485 1620 483 1620 443 1646 339 1648 264 1620 261 1620 258 1620 255 1620 165 1643 95 1626 92 1676 92 1713"/></Shape>
	    <String CONTENT="enfermé (537) Lui même Witiges enfermé ds"
                    HPOS="92.0"
                    VPOS="1558.0"
                    WIDTH="2090.0"
                    HEIGHT="205.0"
                    WC="0.9624213752074119"></String>
          </TextLine>
          <TextLine ID="eSc_line_3351c0ef"
                    TAGREFS="LT15"
                    BASELINE="89 1783 665 1800 2252 1721" 
                    HPOS="87.0"
                    VPOS="1671.0"
                    WIDTH="2165.0"
                    HEIGHT="185.0">
            <Shape><Polygon POINTS="89 1831 154 1856 157 1856 160 1856 162 1856 227 1825 230 1825 250 1825 488 1842 491 1842 980 1838 1044 1820 1134 1792 1151 1789 1168 1792 1269 1811 1305 1821 1519 1778 1553 1772 2250 1749 2252 1721 2247 1685 2019 1671 2016 1671 2014 1671 2011 1671 1988 1690 1910 1671 1907 1671 1904 1671 1901 1671 1898 1671 1870 1690 1837 1674 1834 1674 1831 1674 1731 1692 1656 1705 1594 1689 1587 1719 1412 1724 1379 1707 1370 1704 1368 1704 1365 1704 1362 1704 1359 1704 1356 1710 1339 1724 1160 1733 1087 1716 1056 1710 1053 1710 1050 1710 1047 1710 1036 1719 1028 1724 1019 1719 1008 1713 1005 1713 1002 1713 1000 1713 997 1713 997 1716 991 1719 966 1741 827 1740 765 1756 675 1770 643 1771 595 1764 566 1774 210 1746 145 1725 87 1747 89 1783"/></Shape>
	    <String CONTENT="Ravenne tombe en 540 au pouvoir de Bélisaire."
                    HPOS="87.0"
                    VPOS="1671.0"
                    WIDTH="2165.0"
                    HEIGHT="185.0"
                    WC="0.9850465827518039"></String>
          </TextLine>
          <TextLine ID="eSc_line_e0bbeb38"
                    TAGREFS="LT15"
                    BASELINE="101 2421 730 2429 2146 2365" 
                    HPOS="98.0"
                    VPOS="2303.0"
                    WIDTH="2048.0"
                    HEIGHT="180.0">
            <Shape><Polygon POINTS="101 2421 101 2460 283 2460 441 2483 443 2483 446 2483 494 2466 603 2477 606 2477 609 2477 685 2449 713 2474 716 2474 719 2474 721 2477 778 2477 778 2474 780 2474 893 2446 924 2466 926 2466 929 2466 932 2466 935 2466 963 2454 1036 2469 1039 2469 1042 2469 1109 2438 1250 2432 1309 2457 1311 2457 1314 2457 1432 2454 1435 2454 1573 2421 1688 2435 1691 2435 1693 2435 1741 2424 1764 2440 1766 2440 1769 2440 1772 2440 1775 2440 1837 2412 1896 2424 1898 2424 2146 2387 2146 2365 2140 2311 2092 2303 2089 2303 2087 2303 2070 2311 2030 2334 1983 2314 1980 2314 1977 2314 1974 2314 1971 2314 1969 2314 1935 2336 1809 2320 1755 2314 1752 2314 1750 2314 1747 2314 1738 2322 1716 2342 1674 2331 1671 2331 1668 2331 1665 2331 1662 2331 1640 2348 1603 2325 1595 2320 1592 2320 1589 2320 1587 2320 1435 2325 1432 2325 1429 2325 1429 2328 1424 2331 1396 2356 1297 2348 1294 2348 1081 2367 974 2351 971 2351 969 2351 921 2373 879 2348 876 2345 873 2345 870 2345 868 2345 865 2345 862 2345 856 2348 809 2379 660 2381 595 2365 592 2365 589 2365 587 2365 542 2387 483 2367 480 2367 477 2367 474 2367 471 2367 471 2370 446 2390 317 2390 289 2367 286 2367 283 2367 280 2367 98 2370 101 2421"/></Shape>
	    <String CONTENT="La conduite de Witiges et des Goths est pendant"
                    HPOS="98.0"
                    VPOS="2303.0"
                    WIDTH="2048.0"
                    HEIGHT="180.0"
                    WC="0.9956888467707532"></String>
          </TextLine>
          <TextLine ID="eSc_line_e4e3cf0f"
                    TAGREFS="LT15"
                    BASELINE="95 2522 738 2539 2272 2466" 
                    HPOS="95.0"
                    VPOS="2421.0"
                    WIDTH="2177.0"
                    HEIGHT="180.0">
            <Shape><Polygon POINTS="95 2572 224 2572 227 2572 320 2601 323 2601 325 2601 328 2601 407 2578 1011 2578 1011 2575 1014 2575 1067 2558 1224 2558 1227 2558 1230 2558 1272 2539 1275 2539 1278 2539 1362 2558 1365 2558 1368 2558 1432 2536 1533 2547 1536 2547 1626 2528 1629 2528 1632 2528 1699 2550 1702 2550 1705 2550 1834 2519 1882 2508 2269 2505 2272 2466 2266 2426 1927 2421 1924 2421 1921 2421 1862 2438 1800 2452 1727 2440 1719 2440 1716 2440 1713 2440 1710 2440 1648 2457 1606 2443 1581 2435 1578 2435 1575 2435 1573 2435 1570 2435 1556 2446 1536 2457 1457 2449 1393 2440 1390 2440 1387 2440 1359 2452 1306 2471 1235 2457 1233 2457 963 2483 938 2466 935 2466 932 2466 929 2466 926 2466 882 2485 688 2477 685 2477 682 2477 679 2477 657 2497 539 2499 488 2483 485 2483 483 2483 384 2497 95 2488 95 2522 95 2572"/></Shape>
	    <String CONTENT="ce siege caractéristique. A condition que Belisaire"
                    HPOS="95.0"
                    VPOS="2421.0"
                    WIDTH="2177.0"
                    HEIGHT="180.0"
                    WC="0.9866299068226534"></String>
          </TextLine>
          <TextLine ID="eSc_line_8de0f775"
                    TAGREFS="LT15"
                    BASELINE="87 2620 727 2640 2213 2553" 
                    HPOS="84.0"
                    VPOS="2497.0"
                    WIDTH="2129.0"
                    HEIGHT="188.0">
            <Shape><Polygon POINTS="87 2620 87 2674 525 2685 528 2685 530 2685 564 2668 629 2679 632 2679 634 2679 710 2660 730 2674 733 2674 735 2674 738 2674 1157 2657 1376 2629 1533 2640 1536 2640 1727 2606 1957 2620 1960 2620 1963 2620 2061 2589 2064 2586 2213 2581 2213 2553 2202 2497 2120 2522 1986 2508 1983 2508 1980 2508 1977 2508 1935 2536 1814 2513 1811 2513 1809 2513 1806 2513 1738 2544 1677 2522 1674 2522 1671 2522 1668 2522 1640 2536 1544 2525 1539 2525 1536 2525 1533 2525 1530 2525 1500 2553 1469 2530 1466 2530 1463 2530 1460 2530 1457 2530 1384 2564 1210 2570 1185 2553 1182 2553 1179 2553 1176 2553 1174 2553 1134 2575 707 2592 648 2578 646 2578 643 2578 640 2578 581 2598 522 2598 491 2572 488 2572 485 2572 483 2572 480 2572 435 2595 376 2578 373 2578 370 2578 367 2578 323 2592 84 2589 87 2620"/></Shape>
	    <String CONTENT="leur laisse la vie et les biens les Goths lui offrent"
                    HPOS="84.0"
                    VPOS="2497.0"
                    WIDTH="2129.0"
                    HEIGHT="188.0"
                    WC="0.9867854118347168"></String>
          </TextLine>
          <TextLine ID="eSc_line_f5a3529b"
                    TAGREFS="LT15"
                    BASELINE="95 2727 657 2752 1769 2679 2123 2665" 
                    HPOS="92.0"
                    VPOS="2615.0"
                    WIDTH="2031.0"
                    HEIGHT="182.0">
            <Shape><Polygon POINTS="95 2727 101 2794 120 2775 227 2772 280 2786 320 2797 323 2797 325 2797 328 2797 365 2783 370 2780 387 2780 553 2797 556 2797 1030 2775 1146 2752 1235 2766 1238 2766 1241 2766 1244 2766 1283 2744 1455 2747 1457 2747 1460 2747 1463 2747 1488 2727 1500 2719 1519 2724 1536 2730 1539 2730 1542 2730 1606 2721 1674 2707 2120 2693 2123 2665 2118 2626 2039 2634 2008 2629 1943 2615 1941 2615 1938 2615 1935 2615 1910 2631 1901 2637 1893 2631 1876 2623 1873 2623 1870 2623 1814 2634 1775 2643 1761 2637 1730 2623 1727 2623 1724 2623 1651 2640 1606 2651 1573 2643 1533 2631 1530 2631 1528 2631 1525 2631 1522 2631 1508 2645 1491 2660 1457 2645 1432 2637 1429 2637 1427 2637 1424 2637 1401 2648 1356 2671 1323 2660 1320 2660 1317 2660 1314 2660 1266 2676 983 2676 980 2676 873 2693 845 2674 842 2674 839 2674 837 2674 834 2674 831 2674 806 2696 758 2671 750 2665 747 2665 744 2665 741 2665 730 2671 668 2704 539 2707 345 2704 317 2685 314 2685 311 2685 308 2685 92 2690 95 2727"/></Shape>
	    <String CONTENT="la couronne. Witiges accepte la combinaison."
                    HPOS="92.0"
                    VPOS="2615.0"
                    WIDTH="2031.0"
                    HEIGHT="182.0"
                    WC="0.9602144873419474"></String>
          </TextLine>
          <TextLine ID="eSc_line_1f91fa56"
                    TAGREFS="LT15"
                    BASELINE="95 2831 584 2853 896 2851 2084 2777" 
                    HPOS="92.0"
                    VPOS="2716.0"
                    WIDTH="1992.0"
                    HEIGHT="191.0">
            <Shape><Polygon POINTS="95 2881 418 2876 564 2907 567 2907 657 2890 733 2901 735 2901 738 2901 800 2879 823 2890 825 2890 828 2890 831 2890 834 2890 870 2865 904 2893 907 2893 910 2893 912 2893 1339 2867 1342 2867 1345 2867 1368 2853 1567 2865 1570 2865 1839 2811 1882 2828 1884 2828 1887 2828 2084 2797 2084 2777 2078 2733 1943 2716 1941 2716 1938 2716 1898 2738 1876 2749 1853 2738 1823 2724 1820 2724 1817 2724 1814 2724 1811 2724 1786 2741 1738 2769 1679 2769 1646 2747 1637 2738 1634 2738 1632 2738 1629 2738 1626 2738 1603 2747 1528 2777 1247 2761 1244 2761 1241 2761 1171 2794 1067 2783 1064 2783 1061 2783 1059 2783 1039 2803 859 2806 820 2786 817 2786 814 2786 811 2786 721 2817 530 2817 497 2797 494 2797 491 2797 488 2797 485 2797 441 2811 320 2789 314 2789 169 2772 92 2794 95 2831"/></Shape>
	    <String CONTENT="Belisaire accepte ou feint d&#x27;accepter et entre"
                    HPOS="92.0"
                    VPOS="2716.0"
                    WIDTH="1992.0"
                    HEIGHT="191.0"
                    WC="0.9934674338860945"></String>
          </TextLine>
          <TextLine ID="eSc_line_b791cae3"
                    TAGREFS="LT15"
                    BASELINE="101 2926 455 2952 839 2952 2056 2893" 
                    HPOS="101.0"
                    VPOS="2831.0"
                    WIDTH="1955.0"
                    HEIGHT="168.0">
            <Shape><Polygon POINTS="101 2983 477 2980 564 2999 567 2999 570 2999 573 2999 573 2997 589 2980 634 2997 637 2997 640 2997 643 2997 719 2977 803 2994 806 2994 1309 2974 1311 2974 1368 2954 1376 2952 1396 2954 1511 2968 1514 2968 1516 2968 1570 2949 1578 2946 1606 2949 1654 2952 1657 2952 1660 2952 1662 2952 1671 2946 1685 2938 1696 2946 1710 2952 1713 2952 1716 2952 1752 2943 1828 2926 1893 2940 1901 2940 1904 2940 1907 2940 1910 2940 1938 2921 2053 2935 2056 2893 2047 2831 1977 2845 1960 2834 1960 2831 1957 2831 1955 2831 1952 2831 1845 2834 1842 2834 1839 2834 1837 2836 1783 2873 1573 2879 1502 2862 1500 2862 1497 2862 1494 2862 1415 2884 1376 2853 1373 2853 1370 2853 1368 2853 1365 2853 1292 2887 1227 2856 1224 2856 1221 2856 1219 2856 1216 2856 1210 2856 1112 2895 1016 2898 994 2884 991 2884 988 2884 985 2884 983 2884 980 2884 952 2904 859 2904 820 2884 817 2884 814 2884 811 2884 809 2884 809 2887 786 2910 724 2910 623 2879 620 2879 617 2879 615 2879 612 2879 564 2915 528 2901 525 2901 522 2901 463 2912 415 2887 412 2887 410 2887 407 2887 359 2907 101 2895 101 2926 101 2983"/></Shape>
	    <String CONTENT="dans la ville. Un traité est signé en 540."
                    HPOS="101.0"
                    VPOS="2831.0"
                    WIDTH="1955.0"
                    HEIGHT="168.0"
                    WC="0.9727459564095452"></String>
          </TextLine>
          <TextLine ID="eSc_line_c80bb9e4"
                    TAGREFS="LT15"
                    BASELINE="95 3027 601 3064 2075 3013" 
                    HPOS="92.0"
                    VPOS="2957.0"
                    WIDTH="1983.0"
                    HEIGHT="155.0">
            <Shape><Polygon POINTS="95 3084 314 3084 455 3112 457 3112 699 3106 702 3106 705 3106 721 3092 783 3103 786 3103 789 3103 845 3084 943 3101 946 3101 1193 3075 1530 3086 1533 3086 1536 3086 1592 3064 1660 3078 1662 3078 1769 3061 1820 3078 1823 3078 1825 3078 1828 3078 1831 3078 1879 3047 2075 3039 2075 3013 2064 2960 2028 2980 1904 2980 1868 2963 1851 2957 1848 2957 1845 2957 1842 2957 1828 2963 1786 2983 1679 2977 1677 2977 1674 2977 1671 2977 1651 2997 1497 2997 1477 2977 1474 2977 1471 2977 1469 2977 1466 2977 1418 2997 1387 2971 1382 2966 1379 2966 1376 2966 1373 2966 1370 2966 1348 2971 1235 3002 1140 2985 1137 2985 1134 2985 1132 2985 1106 3005 1025 3005 980 2985 977 2985 974 2985 971 2985 969 2985 929 3011 882 2997 879 2997 876 2997 794 3013 761 2991 758 2991 755 2991 752 2991 750 2991 671 3019 573 3019 480 3019 446 2994 443 2994 441 2994 438 2994 435 2994 387 3008 345 2988 342 2988 339 2988 337 2988 92 2988 95 3027"/></Shape>
	    <String CONTENT="Belisaire profite de la situation pour se faire"
                    HPOS="92.0"
                    VPOS="2957.0"
                    WIDTH="1983.0"
                    HEIGHT="155.0"
                    WC="0.9858820932976743"></String>
          </TextLine>
          <TextLine ID="eSc_line_1bb06ab1"
                    TAGREFS="LT15"
                    BASELINE="89 3157 935 3168 2123 3129" 
                    HPOS="87.0"
                    VPOS="3080.0"
                    WIDTH="2036.0"
                    HEIGHT="141.0">
            <Shape><Polygon POINTS="89 3190 289 3190 294 3190 401 3221 404 3221 407 3221 410 3221 449 3202 530 3218 533 3218 769 3196 806 3213 809 3213 811 3213 1089 3196 1207 3207 1210 3207 1213 3207 1216 3207 1216 3204 1241 3185 1244 3185 1306 3193 1309 3193 1311 3193 1342 3185 1390 3171 1500 3176 1505 3182 1525 3199 1528 3199 1530 3199 1533 3199 1634 3182 1733 3165 1764 3182 1792 3196 1794 3196 1797 3196 1800 3196 1803 3196 1825 3182 1856 3162 1966 3176 1969 3176 2078 3160 2115 3179 2123 3129 2118 3081 1893 3081 1890 3081 1887 3081 1884 3081 1882 3084 1865 3101 1792 3101 1764 3086 1758 3081 1755 3081 1752 3081 1685 3081 1682 3081 1679 3081 1662 3086 1609 3106 1269 3103 1266 3103 1193 3117 1064 3098 1061 3098 1059 3098 1056 3098 1053 3098 1014 3123 882 3123 823 3101 820 3101 817 3101 814 3101 811 3101 806 3101 716 3126 626 3109 623 3109 525 3129 412 3112 410 3112 407 3112 356 3126 306 3109 294 3106 292 3106 289 3106 266 3109 230 3080 191 3112 188 3109 185 3109 182 3109 179 3109 87 3112 89 3157"/></Shape>
	    <String CONTENT="prêter serment par les garnisons gothiques. Il"
                    HPOS="87.0"
                    VPOS="3080.0"
                    WIDTH="2036.0"
                    HEIGHT="141.0"
                    WC="0.9988407365819241"></String>
          </TextLine>
          <TextLine ID="eSc_line_6fe209f9"
                    TAGREFS="LT15"
                    BASELINE="89 3247 483 3286 809 3289 2118 3241" 
                    HPOS="89.0"
                    VPOS="3179.0"
                    WIDTH="2029.0"
                    HEIGHT="160.0">
            <Shape><Polygon POINTS="339 3303 345 3303 401 3320 404 3320 407 3320 410 3320 449 3337 497 3336 500 3336 502 3336 505 3339 570 3339 570 3336 775 3311 882 3328 884 3328 887 3328 890 3328 910 3314 1146 3317 1148 3317 1151 3317 1154 3317 1174 3303 1266 3320 1269 3320 1272 3320 1345 3297 1516 3314 1519 3314 1671 3280 1709 3304 1738 3280 1893 3306 1896 3306 1898 3306 1955 3275 1960 3275 2118 3275 2118 3241 2112 3182 2025 3179 2022 3179 2019 3179 2016 3179 2014 3182 1977 3207 1963 3196 1960 3196 1957 3196 1955 3196 1828 3204 1778 3190 1775 3190 1772 3190 1769 3190 1685 3218 1635 3224 1572 3224 1528 3224 1468 3190 1407 3230 1309 3216 1306 3216 1303 3216 1258 3235 1190 3232 1139 3246 1089 3208 983 3221 980 3221 910 3235 868 3216 865 3216 862 3216 859 3216 806 3244 758 3221 755 3221 752 3221 750 3221 747 3221 716 3247 561 3252 455 3252 367 3218 365 3218 362 3218 356 3218 292 3233 127 3208 89 3247 89 3303"/></Shape>
	    <String CONTENT="est alors, ayant terminé sa mission, rappelé"
                    HPOS="89.0"
                    VPOS="3179.0"
                    WIDTH="2029.0"
                    HEIGHT="160.0"
                    WC="0.9992983222007752"></String>
          </TextLine>
          <TextLine ID="eSc_line_95fb2fd8"
                    TAGREFS="LT15"
                    BASELINE="87 3376 491 3404 882 3407 2123 3353" 
                    HPOS="84.0"
                    VPOS="3292.0"
                    WIDTH="2039.0"
                    HEIGHT="168.0">
            <Shape><Polygon POINTS="87 3376 87 3426 365 3426 536 3460 539 3460 542 3460 544 3460 575 3440 820 3449 823 3449 825 3449 865 3426 887 3443 890 3443 893 3443 896 3443 1179 3424 1213 3435 1216 3435 1219 3435 1221 3435 1289 3418 1337 3435 1339 3435 1342 3435 1345 3435 1404 3418 1438 3435 1441 3435 1443 3435 1629 3395 1640 3395 1741 3395 1797 3395 1831 3421 1834 3421 1837 3421 1839 3424 1929 3424 1929 3421 1932 3421 1986 3393 2123 3384 2123 3353 2118 3303 1938 3292 1935 3292 1932 3292 1904 3306 1893 3311 1873 3306 1839 3297 1837 3297 1834 3297 1831 3297 1828 3297 1817 3308 1783 3334 1696 3334 1632 3311 1629 3311 1626 3311 1623 3311 1620 3311 1618 3311 1584 3334 1368 3342 1309 3325 1306 3325 1303 3325 1300 3325 1219 3348 1129 3322 1120 3320 1118 3320 1115 3320 1112 3320 1109 3320 1106 3322 1073 3353 1019 3353 969 3325 957 3320 955 3320 952 3320 949 3320 932 3325 851 3362 685 3362 651 3345 648 3345 646 3345 643 3345 640 3345 612 3365 463 3370 367 3339 365 3339 353 3339 278 3339 275 3339 272 3339 269 3339 269 3342 255 3353 244 3342 241 3342 238 3342 235 3342 84 3342 87 3376"/></Shape>
	    <String CONTENT="par l&#x27;empereur. Et à la stupéfaction des Goths"
                    HPOS="84.0"
                    VPOS="3292.0"
                    WIDTH="2039.0"
                    HEIGHT="168.0"
                    WC="0.9753528444663339"></String>
          </TextLine>
          <TextLine ID="eSc_line_49773ae4"
                    TAGREFS="LT15"
                    BASELINE="106 3508 938 3516 2112 3474" 
                    HPOS="106.0"
                    VPOS="3421.0"
                    WIDTH="2006.0"
                    HEIGHT="149.0">
            <Shape><Polygon POINTS="106 3556 244 3539 359 3539 379 3550 415 3570 418 3570 421 3570 424 3570 477 3553 766 3561 769 3561 772 3561 839 3539 845 3539 853 3539 977 3558 980 3558 1289 3536 1452 3550 1455 3550 1457 3550 1530 3522 1547 3516 1564 3522 1578 3527 1581 3527 1584 3527 1587 3527 1609 3522 1646 3511 1772 3511 1786 3516 1842 3536 1845 3536 1848 3536 1851 3536 1853 3536 1884 3513 1887 3513 1893 3513 1952 3530 1955 3530 1957 3530 1960 3530 2022 3511 2044 3505 2109 3508 2112 3474 2106 3440 1983 3429 1980 3429 1924 3440 1893 3446 1882 3440 1842 3421 1839 3421 1837 3421 1609 3424 1606 3424 1570 3443 1542 3460 1345 3460 1317 3443 1311 3440 1309 3440 1306 3440 1303 3440 1300 3440 1280 3446 1196 3468 828 3471 794 3452 792 3452 789 3452 786 3452 783 3452 780 3452 747 3474 713 3463 710 3463 707 3463 500 3477 106 3454 106 3508 106 3556"/></Shape>
	    <String CONTENT="qui ne peuvent comprendre qu&#x27;il aille re¬"
                    HPOS="106.0"
                    VPOS="3421.0"
                    WIDTH="2006.0"
                    HEIGHT="149.0"
                    WC="0.9917353522486803"></String>
          </TextLine>
          <TextLine ID="eSc_line_8a8fdadf"
                    TAGREFS="LT15"
                    BASELINE="106 3589 435 3629 1011 3626 2118 3589" 
                    HPOS="106.0"
                    VPOS="3542.0"
                    WIDTH="2012.0"
                    HEIGHT="159.0">
            <Shape><Polygon POINTS="200 3623 325 3645 384 3674 387 3674 390 3674 393 3674 435 3651 514 3676 516 3676 519 3676 609 3657 719 3674 721 3674 724 3674 800 3648 865 3671 868 3671 943 3701 1011 3668 1014 3668 1016 3668 1050 3648 1230 3657 1233 3657 1235 3657 1238 3657 1258 3643 1376 3662 1379 3662 1382 3662 1421 3643 1716 3629 1806 3654 1809 3654 1811 3654 1814 3654 1932 3617 2011 3640 2014 3640 2016 3640 2019 3640 2118 3612 2118 3589 2112 3553 2000 3542 1997 3542 1994 3542 1991 3542 1974 3553 1960 3561 1904 3553 1862 3547 1859 3547 1856 3547 1831 3553 1789 3564 1738 3553 1671 3542 1668 3542 1665 3542 1662 3542 1643 3556 1620 3570 1556 3556 1539 3553 1536 3553 1533 3553 1530 3553 1528 3556 1500 3578 1424 3578 1368 3556 1337 3547 1334 3547 1331 3547 1328 3547 1325 3547 1314 3558 1285 3562 1244 3558 1224 3550 1221 3550 1219 3550 1216 3550 1213 3550 1202 3558 1162 3581 1006 3595 971 3570 825 3586 761 3570 758 3570 755 3570 752 3570 719 3584 691 3570 688 3570 685 3570 682 3570 629 3589 514 3578 511 3578 412 3592 356 3564 353 3564 351 3564 348 3564 345 3564 306 3578 289 3564 286 3564 283 3564 280 3564 126 3546 106 3589 109 3628"/></Shape>
	    <String CONTENT="prendre du service quand il peut être roi in¬"
                    HPOS="106.0"
                    VPOS="3542.0"
                    WIDTH="2012.0"
                    HEIGHT="159.0"
                    WC="0.9731704857614305"></String>
          </TextLine>
          <TextLine ID="eSc_line_44494866"
                    TAGREFS="LT15"
                    BASELINE="117 3691 514 3765 2205 3718" 
                    HPOS="96.0"
                    VPOS="3626.0"
                    WIDTH="2109.0"
                    HEIGHT="171.0">
            <Shape><Polygon POINTS="148 3780 351 3772 370 3780 401 3794 404 3794 407 3797 525 3797 525 3794 528 3794 559 3777 564 3797 595 3777 609 3792 612 3792 615 3792 617 3792 747 3777 809 3772 879 3777 969 3783 971 3783 974 3783 988 3775 1002 3769 1014 3775 1033 3786 1036 3786 1039 3789 1140 3789 1140 3786 1196 3775 1275 3758 1334 3775 1351 3777 1353 3777 1356 3777 1359 3777 1362 3777 1368 3775 1387 3758 1500 3755 1789 3769 1837 3772 1839 3772 1842 3772 1851 3769 1927 3749 2014 3749 2042 3769 2050 3775 2053 3775 2056 3775 2059 3775 2202 3766 2205 3718 2202 3682 2112 3643 2109 3643 2106 3643 1971 3645 1969 3645 1893 3679 1839 3654 1837 3654 1834 3654 1831 3654 1780 3679 1769 3685 1428 3671 1275 3696 1244 3676 1221 3659 1219 3659 1216 3659 1213 3659 1210 3659 1165 3671 1137 3657 1134 3657 1088 3653 1051 3673 1015 3692 959 3707 926 3713 871 3672 817 3682 814 3682 767 3678 719 3702 688 3674 685 3674 682 3674 679 3674 676 3674 674 3674 629 3702 544 3682 542 3682 539 3682 474 3704 462 3709 425 3693 394 3682 370 3681 356 3693 325 3687 190 3626 110 3630 96 3710"/></Shape>
	    <String CONTENT="dépendant, il obéit. Il emmene avec lui Witiges"
                    HPOS="96.0"
                    VPOS="3626.0"
                    WIDTH="2109.0"
                    HEIGHT="171.0"
                    WC="0.9662611002617694"></String>
          </TextLine>
          <TextLine ID="eSc_line_f11c2069"
                    TAGREFS="LT15"
                    BASELINE="98 3811 382 3850 556 3859 2087 3820" 
                    HPOS="98.0"
                    VPOS="3761.0"
                    WIDTH="1989.0"
                    HEIGHT="170.0">
            <Shape><Polygon POINTS="286 3876 382 3918 384 3918 387 3918 460 3915 463 3915 466 3915 505 3887 547 3901 550 3901 553 3901 693 3890 828 3904 831 3904 834 3904 837 3904 851 3890 884 3907 921 3882 957 3931 1011 3904 1014 3904 1078 3870 1148 3901 1151 3901 1154 3904 1221 3904 1221 3901 1224 3901 1227 3901 1275 3865 1387 3879 1390 3879 1393 3879 1446 3856 1494 3873 1497 3873 1500 3873 1764 3859 1834 3881 1837 3881 1839 3881 1842 3881 1845 3881 1865 3867 1890 3887 1893 3887 1896 3887 1898 3890 1952 3890 1952 3887 1955 3887 1957 3887 1957 3884 1991 3853 2087 3842 2087 3820 2078 3786 1946 3786 1943 3786 1898 3761 1896 3761 1893 3761 1890 3761 1845 3786 1842 3786 1809 3763 1806 3763 1803 3763 1800 3763 1797 3763 1794 3763 1758 3786 1752 3789 1744 3786 1716 3775 1713 3775 1710 3775 1707 3775 1682 3786 1668 3792 1660 3786 1632 3763 1629 3763 1626 3763 1623 3763 1620 3763 1618 3763 1587 3783 1528 3766 1525 3766 1522 3766 1519 3766 1474 3786 1457 3794 1446 3786 1415 3766 1412 3766 1410 3766 1407 3766 1404 3766 1337 3786 1300 3800 1235 3811 1206 3818 1162 3816 1135 3807 1117 3801 1099 3800 1083 3795 1055 3812 1042 3805 1024 3801 1005 3802 994 3811 992 3809 974 3807 968 3799 936 3807 865 3789 820 3780 817 3780 814 3780 811 3780 800 3789 772 3808 727 3789 724 3789 721 3789 719 3789 665 3814 525 3814 162 3792 98 3811 98 3876"/></Shape>
	    <String CONTENT="et une quantité d Goths qui le suivent et qui"
                    HPOS="98.0"
                    VPOS="3761.0"
                    WIDTH="1989.0"
                    HEIGHT="170.0"
                    WC="0.9916464569775955"></String>
          </TextLine>
          <TextLine ID="eSc_line_d31aa652"
                    TAGREFS="LT15"
                    BASELINE="98 3929 646 3968 1297 3963 2118 3932" 
                    HPOS="98.0"
                    VPOS="3887.0"
                    WIDTH="2020.0"
                    HEIGHT="129.0">
            <Shape><Polygon POINTS="314 3977 365 4016 367 4016 370 4016 373 4016 466 3999 620 4016 623 4016 626 4016 660 3999 721 4011 724 4011 862 3991 904 4008 907 4008 910 4008 912 4008 915 4008 935 3994 1059 3999 1061 3999 1165 3980 1210 3999 1213 3999 1216 3999 1272 3988 1317 4011 1320 4011 1323 4013 1587 4013 1587 4011 1589 4011 1648 3977 2118 3971 2118 3932 2112 3898 1887 3887 1884 3887 1882 3887 1879 3887 1865 3895 1851 3907 1809 3895 1780 3890 1778 3890 1775 3890 1772 3890 1744 3895 1657 3918 1446 3904 1443 3904 1441 3904 1415 3918 1393 3907 1390 3907 1387 3907 1140 3921 1067 3895 1059 3893 1056 3893 1053 3893 1050 3893 1042 3895 966 3934 780 3924 738 3895 735 3895 733 3895 730 3895 727 3895 724 3895 685 3924 530 3924 500 3907 497 3907 494 3907 491 3907 488 3907 432 3921 323 3895 98 3895 98 3929 98 3977"/></Shape>
	    <String CONTENT="participeront avec lui aux guerres contre les"
                    HPOS="98.0"
                    VPOS="3887.0"
                    WIDTH="2020.0"
                    HEIGHT="129.0"
                    WC="0.9772935787836711"></String>
          </TextLine>
          <TextLine ID="eSc_line_e4e0f0fc"
                    TAGREFS="LT15"
                    BASELINE="103 4039 390 4070" 
                    HPOS="101.0"
                    VPOS="3968.0"
                    WIDTH="289.0"
                    HEIGHT="149.0">
            <Shape><Polygon POINTS="103 4039 101 4064 382 4117 390 4070 390 4027 252 4022 221 3994 196 3971 196 3968 193 3968 191 3968 188 3968 109 3968 103 4039"/></Shape>
	    <String CONTENT="Perses."
                    HPOS="101.0"
                    VPOS="3968.0"
                    WIDTH="289.0"
                    HEIGHT="149.0"
                    WC="0.9998847671917507"></String>
          </TextLine>
          <TextLine ID="eSc_line_15bd1170"
                    TAGREFS="LT15"
                    BASELINE="120 4165 575 4202 2129 4174" 
                    HPOS="120.0"
                    VPOS="4095.0"
                    WIDTH="2009.0"
                    HEIGHT="173.0">
            <Shape><Polygon POINTS="323 4232 325 4232 328 4232 356 4218 404 4241 407 4241 497 4244 500 4244 570 4230 879 4241 882 4241 884 4241 887 4241 907 4224 926 4238 929 4238 932 4238 935 4238 1042 4216 1123 4238 1126 4238 1129 4238 1227 4218 1338 4219 1388 4268 1441 4235 1550 4202 1553 4199 1783 4199 1884 4199 1957 4224 1960 4224 1963 4224 2126 4193 2129 4174 2123 4100 2044 4100 2042 4100 2039 4100 2036 4100 1994 4137 1918 4117 1915 4117 1912 4117 1791 4104 1716 4117 1713 4117 1710 4117 1707 4117 1662 4137 1601 4129 1598 4129 1595 4129 1592 4129 1567 4148 1452 4137 1449 4137 1176 4154 1106 4112 1103 4112 1101 4112 1098 4112 1095 4112 1028 4143 957 4112 955 4112 952 4112 949 4112 946 4112 887 4154 865 4137 862 4137 859 4137 856 4137 772 4151 741 4131 738 4131 735 4131 733 4131 730 4131 660 4162 606 4162 573 4137 570 4137 567 4137 564 4137 471 4157 415 4131 412 4131 410 4131 407 4131 348 4148 289 4120 197 4095 120 4120 120 4165 120 4216"/></Shape>
	    <String CONTENT="Cette conduite d Belisaire qui amène en I¬"
                    HPOS="120.0"
                    VPOS="4095.0"
                    WIDTH="2009.0"
                    HEIGHT="173.0"
                    WC="0.9860088811034248"></String>
          </TextLine>
          <TextLine ID="eSc_line_d3dce5a1"
                    TAGREFS="LT15"
                    BASELINE="112 4277 297 4297 404 4322 752 4322 2132 4269" 
                    HPOS="111.0"
                    VPOS="4207.0"
                    WIDTH="2021.0"
                    HEIGHT="166.0">
            <Shape><Polygon POINTS="345 4342 351 4342 396 4365 398 4365 401 4365 466 4353 488 4370 491 4370 494 4370 497 4370 500 4370 564 4350 626 4373 629 4373 632 4373 634 4373 637 4373 665 4350 710 4365 713 4365 716 4365 823 4348 884 4365 887 4365 890 4365 977 4345 1098 4356 1101 4356 1103 4356 1171 4334 1196 4350 1199 4350 1202 4350 1205 4350 1368 4331 1491 4345 1494 4345 1525 4351 1584 4314 2129 4300 2132 4269 2126 4218 2087 4207 2084 4207 2081 4207 2078 4207 2044 4221 2000 4241 1817 4227 1778 4224 1775 4224 1755 4227 1643 4255 1531 4259 1504 4255 1487 4265 1466 4255 1438 4250 1424 4250 1410 4269 1404 4278 1380 4286 1366 4270 1230 4269 1123 4238 1089 4230 1087 4230 1084 4230 1081 4230 1055 4237 994 4277 853 4280 811 4249 809 4249 806 4249 803 4249 682 4277 646 4266 643 4266 640 4266 637 4266 592 4289 533 4266 530 4266 528 4266 446 4277 393 4252 384 4249 382 4249 379 4249 151 4225 112 4277 111 4317"/></Shape>
	    <String CONTENT="talie un préfet du prétoire et le gouvernement"
                    HPOS="111.0"
                    VPOS="4207.0"
                    WIDTH="2021.0"
                    HEIGHT="166.0"
                    WC="0.9896335575315688"></String>
          </TextLine>
          <TextLine ID="eSc_line_b733c380"
                    TAGREFS="LT15"
                    BASELINE="109 4384 379 4424 522 4429 2162 4409" 
                    HPOS="109.0"
                    VPOS="4336.0"
                    WIDTH="2053.0"
                    HEIGHT="158.0">
            <Shape><Polygon POINTS="353 4443 362 4443 477 4474 480 4474 523 4494 547 4471 550 4471 553 4471 575 4452 640 4471 643 4471 646 4471 744 4454 778 4471 780 4471 783 4471 786 4471 884 4443 938 4463 941 4463 943 4463 1044 4452 1171 4468 1174 4468 1297 4449 1609 4466 1612 4466 1615 4466 1705 4440 1719 4438 1750 4440 1825 4436 1919 4478 1966 4463 1969 4463 1994 4440 2005 4432 2157 4438 2162 4409 2157 4345 1943 4342 1941 4342 1938 4342 1935 4342 1932 4345 1893 4373 1848 4345 1845 4345 1842 4345 1839 4345 1837 4345 1834 4345 1783 4376 1497 4376 1441 4348 1438 4345 1435 4345 1356 4345 1353 4345 1351 4345 1345 4348 1283 4376 1233 4356 1230 4356 1227 4356 1224 4356 1176 4381 960 4381 907 4382 881 4387 867 4394 837 4397 818 4391 601 4384 549 4378 525 4367 503 4367 487 4381 471 4392 447 4393 424 4388 404 4376 348 4356 345 4356 342 4356 266 4373 242 4336 232 4336 112 4353 109 4384 109 4443"/></Shape>
	    <String CONTENT="direct de Rome est une trahison pour les Goths."
                    HPOS="109.0"
                    VPOS="4336.0"
                    WIDTH="2053.0"
                    HEIGHT="158.0"
                    WC="0.9718750360164237"></String>
          </TextLine>
          <TextLine ID="eSc_line_f4c9af7d"
                    TAGREFS="LT15"
                    BASELINE="112 4511 224 4516 387 4547 693 4556 2168 4544" 
                    HPOS="112.0"
                    VPOS="4445.0"
                    WIDTH="2056.0"
                    HEIGHT="185.0">
            <Shape><Polygon POINTS="261 4584 264 4584 334 4560 370 4570 396 4586 398 4586 401 4586 404 4586 407 4586 446 4570 449 4570 497 4600 500 4600 502 4600 505 4600 508 4600 559 4581 632 4609 634 4609 732 4630 797 4612 797 4609 884 4589 887 4589 890 4589 890 4586 904 4572 910 4570 915 4572 955 4603 957 4603 960 4603 963 4603 966 4603 1016 4586 1134 4606 1137 4606 1140 4606 1230 4584 1272 4600 1275 4600 1278 4600 1280 4600 1331 4575 1337 4575 1348 4575 1457 4598 1460 4598 1553 4578 1573 4575 1595 4578 1677 4592 1679 4592 1761 4578 1825 4570 1839 4581 1873 4603 1876 4603 1879 4603 1882 4603 1884 4603 1932 4581 1957 4567 1977 4581 2000 4598 2002 4598 2005 4598 2008 4598 2011 4598 2014 4598 2039 4581 2056 4572 2165 4581 2168 4544 2162 4502 2059 4488 2056 4488 2053 4488 2022 4499 1997 4508 1971 4499 1938 4485 1935 4485 1932 4485 1868 4497 1811 4508 1747 4497 1719 4491 1716 4491 1693 4494 1629 4511 1294 4497 1292 4497 1224 4508 1146 4488 1132 4485 1129 4485 1126 4485 1123 4485 1120 4485 1118 4488 1052 4477 924 4497 921 4497 918 4497 915 4497 890 4513 834 4499 831 4499 828 4499 825 4499 780 4513 724 4482 713 4477 710 4477 707 4477 705 4477 688 4482 629 4505 595 4493 564 4495 526 4498 452 4504 362 4480 359 4480 356 4480 331 4502 289 4477 286 4477 176 4445 112 4477 112 4511 112 4567"/></Shape>
	    <String CONTENT="Ceux du Nord, qui n&#x27;est pas encore occupé par"
                    HPOS="112.0"
                    VPOS="4445.0"
                    WIDTH="2056.0"
                    HEIGHT="185.0"
                    WC="0.9858199692353969"></String>
          </TextLine>
          <TextLine ID="eSc_line_d70d4e58"
                    TAGREFS="LT15"
                    BASELINE="120 4623 365 4671 665 4685 2140 4657" 
                    HPOS="120.0"
                    VPOS="4577.0"
                    WIDTH="2020.0"
                    HEIGHT="172.0">
            <Shape><Polygon POINTS="320 4699 350 4696 367 4727 370 4727 373 4727 376 4727 379 4727 379 4724 401 4707 553 4707 629 4735 632 4735 634 4735 863 4749 896 4732 955 4716 1036 4730 1039 4730 1042 4730 1044 4730 1089 4702 1115 4718 1118 4718 1120 4718 1123 4718 1221 4699 1345 4724 1348 4724 1351 4724 1446 4699 1640 4713 1643 4713 1646 4713 1693 4693 1811 4704 1814 4704 1817 4704 1820 4704 1839 4690 1925 4691 2000 4718 2002 4718 2022 4701 2044 4688 2140 4685 2140 4657 2137 4612 2095 4586 2092 4586 2089 4586 2045 4603 2012 4599 1950 4628 1929 4615 1901 4626 1825 4615 1809 4612 1806 4612 1803 4612 1800 4612 1764 4629 1721 4617 1719 4617 1716 4617 1449 4631 1412 4612 1410 4612 1407 4612 1404 4612 1348 4634 1278 4612 1272 4609 1269 4609 1266 4609 1264 4609 1255 4609 1207 4623 1179 4609 1154 4598 1151 4598 1148 4598 1146 4598 1143 4598 1126 4609 1095 4631 1064 4623 1061 4623 1059 4623 1056 4623 1053 4623 1033 4640 949 4640 901 4609 898 4609 896 4609 893 4609 890 4609 887 4609 887 4612 873 4623 783 4617 780 4617 778 4617 775 4617 744 4640 550 4617 547 4617 544 4617 334 4577 157 4581 120 4623 158 4661"/></Shape>
	    <String CONTENT="les impériaux offrent la couronne à un offi¬"
                    HPOS="120.0"
                    VPOS="4577.0"
                    WIDTH="2020.0"
                    HEIGHT="172.0"
                    WC="0.9713902695234432"></String>
          </TextLine>
          <TextLine ID="eSc_line_eee7e528"
                    TAGREFS="LT15"
                    BASELINE="106 4731 637 4808 921 4814 2157 4766" 
                    HPOS="80.0"
                    VPOS="4683.0"
                    WIDTH="2077.0"
                    HEIGHT="207.0">
            <Shape><Polygon POINTS="232 4803 507 4817 656 4821 623 4881 655 4890 725 4845 825 4828 831 4831 907 4862 910 4862 912 4864 965 4873 985 4862 988 4862 991 4862 1008 4848 1103 4859 1106 4859 1109 4859 1157 4834 1328 4853 1331 4853 1334 4853 1438 4820 1615 4825 1618 4825 1620 4825 1654 4814 1674 4808 1693 4814 1733 4822 1736 4822 1738 4822 1741 4822 1764 4811 1786 4800 2151 4803 2157 4766 2145 4709 2059 4724 2028 4724 2020 4731 1993 4730 1974 4713 1954 4737 1931 4737 1911 4734 1904 4702 1901 4702 1898 4702 1827 4716 1665 4707 1662 4707 1660 4707 1609 4752 1542 4740 1407 4741 1404 4741 1323 4758 1202 4747 1199 4747 1196 4747 1193 4747 1176 4761 1036 4752 1033 4752 960 4766 920 4748 843 4760 751 4773 591 4745 367 4737 359 4715 150 4683 80 4722"/></Shape>
	    <String CONTENT="cier, Uraias qui la refuse puis à Hildebad"
                    HPOS="80.0"
                    VPOS="4683.0"
                    WIDTH="2077.0"
                    HEIGHT="207.0"
                    WC="0.9884477612134572"></String>
          </TextLine>
          <TextLine ID="eSc_line_10df3348"
                    TAGREFS="LT15"
                    BASELINE="115 4853 407 4901 752 4923 1994 4921 2497 4935" 
                    HPOS="112.0"
                    VPOS="4828.0"
                    WIDTH="2385.0"
                    HEIGHT="177.0">
            <Shape><Polygon POINTS="2412 4890 2373 4876 2370 4876 2368 4876 2365 4876 2337 4890 2261 4853 2258 4853 2177 4853 2171 4853 2168 4853 2165 4853 2162 4853 2121 4864 2104 4852 2080 4848 2075 4858 2061 4856 2048 4868 1997 4884 1850 4889 1825 4898 1772 4900 1719 4897 1696 4848 1693 4848 1691 4848 1688 4848 1685 4848 1615 4881 1561 4845 1559 4845 1556 4845 1553 4845 1536 4845 1441 4848 1438 4848 1384 4876 1289 4853 1286 4853 1171 4876 1154 4895 1126 4909 1084 4893 1064 4886 1033 4853 1011 4856 940 4896 792 4873 741 4859 705 4873 668 4899 624 4900 587 4873 536 4850 533 4850 478 4862 446 4836 443 4836 441 4836 438 4836 435 4836 370 4864 283 4828 280 4828 278 4828 140 4828 115 4853 112 4915 488 4929 573 4963 575 4963 578 4963 581 4963 626 4952 735 4968 738 4971 931 4977 1039 4968 1042 4968 1098 4952 1205 4968 1313 4949 1379 4996 1424 5005 1448 4991 1485 4968 1488 4968 1491 4968 1494 4968 1497 4968 1530 4949 1696 4957 1699 4957 1702 4957 1736 4943 1839 4963 1842 4963 1940 4957 1974 4967 1985 4974 2047 4971 2050 4971 2053 4971 2056 4971 2059 4971 2112 4946 2118 4943 2120 4946 2207 4985 2210 4985 2441 4988 2443 4988 2446 4988 2449 4988 2494 4952 2497 4935 2488 4859 2480 4856"/></Shape>
	    <String CONTENT="neveu du roi Wisig Theudis (Hartmann, I 289-90)"
                    HPOS="112.0"
                    VPOS="4828.0"
                    WIDTH="2385.0"
                    HEIGHT="177.0"
                    WC="0.9688613453636998"></String>
          </TextLine>
        </TextBlock>
        <TextBlock HPOS="2299.0"
                   VPOS="1197.0"
                   WIDTH="1717.0"
                   HEIGHT="506.0"
                   ID="eSc_textblock_9f1ada50"
                   TAGREFS="BT26">
          <Shape><Polygon POINTS="2299 1255 2299 1703 4016 1646 4016 1197"/></Shape>
          <TextLine ID="eSc_line_0788e614"
                    TAGREFS="LT15"
                    BASELINE="2295 1345 3050 1292 3969 1247" 
                    HPOS="2289.0"
                    VPOS="1179.0"
                    WIDTH="1680.0"
                    HEIGHT="205.0">
            <Shape><Polygon POINTS="3946 1210 3915 1188 3887 1179 3842 1182 3839 1182 3837 1182 3803 1210 3710 1196 3707 1196 3705 1196 3643 1221 3595 1210 3592 1210 3589 1210 3452 1233 3449 1233 3413 1207 3410 1207 3407 1207 3404 1207 3401 1207 3309 1241 3306 1241 3303 1241 3182 1224 3179 1224 3177 1224 3174 1224 3174 1227 3151 1249 3101 1249 3028 1230 3025 1230 3022 1230 3019 1230 2946 1261 2924 1241 2924 1238 2921 1238 2918 1238 2915 1238 2817 1241 2727 1247 2724 1247 2721 1247 2671 1278 2668 1280 2539 1286 2438 1289 2401 1266 2398 1266 2396 1266 2393 1266 2345 1269 2342 1269 2289 1294 2295 1345 2295 1370 2323 1384 2325 1384 2328 1384 2536 1373 2769 1345 2893 1331 2927 1337 2966 1348 2969 1348 2971 1348 2974 1348 3002 1334 3022 1325 3042 1334 3070 1342 3073 1342 3075 1342 3146 1328 3224 1311 3339 1320 3413 1322 3415 1322 3418 1322 3443 1314 3488 1297 3702 1297 3705 1297 3921 1272 3966 1289 3969 1247 3963 1221 3946 1210"/></Shape>
	    <String CONTENT="Ce pauvre Witiges pour assurer ses der¬"
                    HPOS="2289.0"
                    VPOS="1179.0"
                    WIDTH="1680.0"
                    HEIGHT="205.0"></String>
          </TextLine>
          <TextLine ID="eSc_line_9cf2b3af"
                    TAGREFS="LT15"
                    BASELINE="2306 1443 3938 1339" 
                    HPOS="2300.0"
                    VPOS="1297.0"
                    WIDTH="1638.0"
                    HEIGHT="197.0">
            <Shape><Polygon POINTS="2306 1443 2311 1494 2345 1471 2516 1477 2536 1477 2539 1477 2542 1477 2545 1477 2545 1474 2581 1455 2677 1463 2679 1463 2792 1440 2809 1455 2811 1455 2814 1455 2817 1455 2820 1455 2825 1455 2873 1440 2884 1449 2896 1457 2898 1457 2901 1457 2904 1457 3073 1446 3075 1446 3112 1432 3146 1418 3163 1429 3182 1438 3185 1438 3188 1438 3280 1418 3325 1410 3334 1415 3351 1429 3354 1429 3356 1429 3359 1429 3413 1426 3415 1426 3457 1407 3472 1398 3483 1404 3511 1415 3514 1415 3516 1415 3519 1415 3522 1415 3522 1412 3539 1398 3545 1393 3556 1398 3581 1407 3584 1407 3587 1407 3589 1407 3623 1393 3637 1387 3651 1390 3707 1407 3710 1407 3713 1407 3809 1401 3811 1401 3938 1367 3938 1339 3932 1306 3722 1303 3719 1303 3634 1320 3584 1297 3581 1297 3578 1297 3491 1303 3488 1303 3486 1303 3441 1331 3407 1320 3404 1320 3401 1320 3398 1320 3311 1342 3154 1339 3151 1339 3022 1359 2991 1337 2988 1337 2986 1337 2983 1337 2915 1339 2913 1339 2868 1362 2834 1345 2831 1345 2828 1345 2825 1345 2823 1345 2795 1362 2727 1353 2724 1353 2721 1353 2719 1353 2719 1356 2688 1381 2598 1373 2595 1373 2432 1398 2362 1387 2359 1387 2356 1387 2300 1404 2306 1443"/></Shape>
	    <String CONTENT="rières cède la Provence aux Francs qui"
                    HPOS="2300.0"
                    VPOS="1297.0"
                    WIDTH="1638.0"
                    HEIGHT="197.0"
                    WC="0.9845237841731623"></String>
          </TextLine>
          <TextLine ID="eSc_line_0a4d305f"
                    TAGREFS="LT15"
                    BASELINE="2300 1539 3775 1457" 
                    HPOS="2295.0"
                    VPOS="1412.0"
                    WIDTH="1480.0"
                    HEIGHT="186.0">
            <Shape><Polygon POINTS="2300 1539 2300 1587 2429 1567 2449 1581 2469 1598 2471 1598 2474 1598 2477 1598 2595 1592 2598 1592 2601 1592 2601 1589 2623 1570 2637 1556 2677 1567 2693 1570 2696 1570 2699 1570 2702 1570 2721 1561 2761 1547 2795 1558 2825 1567 2828 1567 2831 1567 2834 1567 2859 1556 2876 1572 2876 1575 2879 1575 2882 1575 2884 1575 2960 1572 2963 1572 3028 1544 3070 1564 3073 1564 3075 1564 3266 1556 3269 1556 3393 1519 3421 1508 3519 1508 3530 1508 3643 1533 3646 1533 3648 1533 3651 1533 3696 1502 3775 1491 3775 1457 3769 1412 3455 1412 3452 1412 3449 1412 3410 1432 3401 1435 3384 1432 3303 1421 3300 1421 3297 1421 3255 1440 3244 1446 3047 1455 3016 1455 2848 1446 2845 1446 2842 1446 2839 1446 2839 1449 2837 1449 2823 1466 2814 1466 2693 1457 2691 1457 2598 1477 2589 1480 2567 1463 2564 1463 2561 1463 2559 1463 2556 1463 2488 1485 2486 1485 2483 1485 2446 1469 2443 1469 2441 1469 2438 1469 2435 1469 2410 1488 2339 1477 2337 1477 2334 1477 2295 1491 2300 1539"/></Shape>
	    <String CONTENT="se la font ratifier par Justinien"
                    HPOS="2295.0"
                    VPOS="1412.0"
                    WIDTH="1480.0"
                    HEIGHT="186.0"
                    WC="0.9832357710058038"></String>
          </TextLine>
          <TextLine ID="eSc_line_40626655"
                    TAGREFS="LT15"
                    BASELINE="2353 1646 3224 1617" 
                    HPOS="2351.0"
                    VPOS="1553.0"
                    WIDTH="873.0"
                    HEIGHT="146.0">
            <Shape><Polygon POINTS="2353 1646 2359 1699 2384 1676 2421 1693 2427 1696 2429 1696 2432 1696 2455 1693 2553 1671 2575 1685 2584 1690 2587 1690 2589 1690 2592 1690 2674 1688 2677 1688 2696 1679 2721 1665 2839 1671 3000 1676 3002 1676 3005 1676 3045 1657 3053 1651 3151 1651 3154 1651 3185 1671 3188 1671 3191 1671 3193 1671 3196 1671 3199 1671 3224 1648 3224 1617 3219 1575 3098 1558 3095 1558 3092 1558 3042 1575 2994 1553 2991 1553 2988 1553 2986 1553 2983 1553 2952 1581 2873 1558 2870 1558 2868 1558 2865 1558 2862 1558 2837 1581 2789 1558 2786 1558 2783 1558 2780 1558 2719 1589 2716 1592 2494 1598 2441 1570 2438 1570 2435 1570 2432 1570 2351 1598 2353 1646"/></Shape>
	    <String CONTENT="Kiener Prov. p.22."
                    HPOS="2351.0"
                    VPOS="1553.0"
                    WIDTH="873.0"
                    HEIGHT="146.0"
                    WC="0.9824978974130418"></String>
          </TextLine>
        </TextBlock>
      </PrintSpace>
    </Page>
  </Layout>
</alto>
