4090 5056
3547.0 62.0 293.0 293.0 79

165.0 89.0 2009.0 135.0 negotiatoris quondam visus sum com¬

143.0 171.0 1995.0 142.0 parare, areas scilicet in oppido civitatis

154.0 280.0 2034.0 138.0 Aurelianensium cum domibus desuper

146.0 373.0 1966.0 141.0 positis, acolabus ibidem residentibuss.

154.0 483.0 1972.0 130.0 (Prou-Vidier, S. Benoit I, p. 7. Pardessus

143.0 542.0 2014.0 189.0 I p.144 a arcas) Voilà donc un marchand

170.0 660.0 1958.0 165.0 propriétaire de maisons en ville. Cf sur lui

168.0 769.0 1197.0 146.0 Fustel Monarchie p.256 n.

198.0 848.0 1987.0 171.0 Le Rodulfus negocians dont le nom est ins¬

151.0 938.0 2197.0 196.0 crit sur une livre romaine (Prou Carol. p. XXXVIII)

157.0 1063.0 2079.0 170.0 est certainement un marchand mérovingien

174.0 1175.0 1955.0 187.0 Grégoire nous parle encore VII. 37 p.317 d'un

151.0 1293.0 1969.0 170.0 "Chariulfus valde dives ac praepotens cujus

157.0 1379.0 2022.0 197.0 adpothecis ac promptuariis urbs valde refertaµ

151.0 1491.0 1986.0 171.0 erat" à Comminges. Je serais tenté d'y voir un

173.0 1601.0 1624.0 169.0 marchand propriétaire de boutiques.

193.0 1668.0 2057.0 242.0 En dirai-je  autant du marchand de Poitiers

165.0 1800.0 1953.0 220.0 qui va à Metz (De Virtut. S. Martini IV.

160.0 1899.0 1949.0 258.0 29 p. 656.) et à Trèves et qui rencontre à Metz

148.0 1985.0 1998.0 236.0 Un autre marchand qui achète ou vend du sel et

157.0 2150.0 1118.0 185.0 navigue sur la Moselle ?

178.0 2235.0 2038.0 208.0 En tous cas en voilà assez pour que l on puisse

168.0 2349.0 1893.0 197.0 affirmer comme non douteuse dans le

164.0 2452.0 2010.0 202.0 bassin de la mer Tyrrhénienne, jusqu'à cer¬

171.0 2556.0 1980.0 218.0 tainement la fin du VIIe siècle de nombreux

175.0 2679.0 1987.0 194.0 marchands de profession indigênes à côté

187.0 2789.0 1956.0 194.0 de Juifs et de marchands orientaux. Il y en

152.0 2884.0 2059.0 194.0 avait certainement de très riches et il faudra

160.0 2988.0 2019.0 261.0 attendre longtemps pour retrouver la même

175.0 3154.0 266.0 119.0 chose.

169.0 3185.0 2067.0 205.0 Sûrement le commerce tel qu'il existait dans

188.0 3308.0 2033.0 197.0 l Empire avant les invasions s'est mainte¬

174.0 3484.0 671.0 122.0 nu après elles.

213.0 3513.0 1930.0 223.0 Où se faisait ce commerce ? Evidemment

178.0 3615.0 1965.0 223.0 dans les villes. D après tous les renseignmts

171.0 3735.0 2042.0 197.0 que nous avons c'est là qu habitent les nego¬

178.0 3832.0 2025.0 230.0 ciatores. Ils y sont installés dans l'enceinte,

188.0 3963.0 1958.0 212.0 dans l'oppidum civitatis (pour ce nom

182.0 4067.0 2003.0 257.0 voir en 626 Havel Oeuvres I p.230) et la texte¬

202.0 4171.0 2112.0 213.0 S. Benoit cité plus haut ligne 2 de cette page.

205.0 4281.0 1991.0 199.0 Les villes avaient à la fois ne aspect ecclési¬

180.0 4395.0 2011.0 205.0 stique et commercial. Elles comprenaient

216.0 4457.0 2132.0 245.0 des rues à arcades Voy plus haut. S. Benoit.

216.0 4584.0 2005.0 216.0 On a un texte analogue pour Meaux où l'Ev.

194.0 4704.0 2109.0 211.0 S. Faron a herité "casas cum areis tam infra
