3960 5049
3372.0 64.0 500.0 238.0 141

96.0 71.0 2012.0 143.0 De même la tractoria de conjectu mis¬

88.0 173.0 2043.0 147.0 sis dando de 829 comprend (Capit. II.10)

115.0 300.0 1880.0 142.0 40 pains 2 friskinga, 1 porcelet ou agneau,

106.0 367.0 1965.0 188.0 4 poulets, 20 oeufs, 8 setiers de vin, 2 muids

87.0 482.0 2054.0 182.0 de bière, 2 muids de froment. C'est un menu

82.0 592.0 804.0 174.0 tout rustique.

87.0 700.0 1939.0 200.0 Le Capit episcoporum de 845-850 (Cap. II,

79.0 838.0 1953.0 200.0 p.83 <.> 15 dit pour les évêques : 100 pains,

95.0 928.0 1908.0 202.0 4 frischinga, 50 Setiers de vin, 10 poulets, 50

81.0 1032.0 2060.0 209.0 oeufs, 1 agneau, 1 porcelet, avoine pr les chevaux

88.0 1118.0 2039.0 215.0 6 muids 3 chars de foin, du miel, huile, cire

83.0 1230.0 2021.0 187.0 "quod sufficit" Tout cela sans condiments.

115.0 1363.0 2034.0 179.0 On voit par les lettres de S. Boniface com¬

72.0 1476.0 1911.0 180.0 bien les épices etaient devenues rares et

91.0 1573.0 2134.0 207.0 chères. Il reçoit de l'encens en présent de clercs

68.0 1716.0 1958.0 189.0 romain (Jaffé Bibl. III 156-157, 199, 218-

61.0 1815.0 1990.0 219.0 231) 742-43 un cardinal lui envoye

85.0 1970.0 2031.0 180.0 aliquantulum cotzumber quod incensum

59.0 2066.0 2029.0 182.0 Deo offeratis (MGH. Epist, selectae I, 97). En

60.0 2163.0 2046.0 188.0 748 un archidiacre de Rome lui fait aussi un

78.0 2298.0 1959.0 169.0 petit envoi (p.189) De m. le M. donateur en

67.0 2395.0 1996.0 202.0 746-747 p. 191. Ces cadeaux prouvent la rareté

80.0 2518.0 1977.0 171.0 ds epices au Nord des Alpes, puisqu'elles y cons¬

81.0 2642.0 1953.0 179.0 tituent de précieux cadeaux. Remarquez

57.0 2752.0 2064.0 205.0 en outre qu'elles viennent toutes d'Italie. Sû¬

77.0 2882.0 1980.0 189.0 rement le port de Marseille n'en reçoit plus.

57.0 2976.0 2039.0 208.0 Le cellarium fisci est vide à moins, ce qui est

63.0 3098.0 2061.0 221.0 pl probable qu'il n'ait été incendié par les

49.0 3213.0 2064.0 191.0 Sarrasins. Sûrement les épices ne sont plus

59.0 3324.0 2040.0 186.0 un article du commerce normal. s il s'en

57.0 3459.0 2011.0 178.0 introduit encore un peu, c'est par des col¬

54.0 3561.0 428.0 164.0 porteurs.

62.0 3654.0 2037.0 215.0 Je ne trouve pas Ve species dans l'Index de

70.0 3788.0 2130.0 184.0 Bonetius aux Capitulaires un seul exemple ou spe¬

69.0 3904.0 1011.0 199.0 cies désigne des épices.

70.0 4020.0 2004.0 162.0 Dans toute la littérature du temps, je ne vois

55.0 4121.0 1561.0 208.0 pas non plus qu'il en soit question

42.0 4211.0 2062.0 203.0 On peut affirmer, en présence de cette carence d'une

60.0 4333.0 2053.0 200.0 littérature pourtant très abondante que les épi¬

62.0 4427.0 1986.0 200.0 ces ont disparu à la fin du VIIe et au comment du

48.0 4548.0 2045.0 184.0 VIIIe s. de l'alimentation courante. Elles ne de¬

58.0 4676.0 1982.0 217.0 vaient y reparaître qu'à partir du XIIe s. lors de

63.0 4779.0 1146.0 199.0 la réouverture de la mer.
