3978 5058
3364 80 388 341 193

31 6 2046 153 tricius comme son frère Carloman. Après la

31 128 1846 140 mort de celui-ci, il peut agir (déc. 771).

63 229 1969 120 Didier continuait à ambitionner Rome. Dès

26 306 2036 170 janvier 773, Adrien lui avait demandé se¬

35 384 2032 161 cours. L'expédition a lieu en 773. Pendant

21 497 2045 147 que Didier est assiégé dans Pavie, Charles va

16 601 1995 155 passer les fêtes de Pâques à Rome en 774. Là

5 687 2023 149 non seulement il renouvelle mais il étend

0 796 2039 131 énormément les donations faites au pape par

12 889 2041 160 son père, (Mühlbacher p. 61 Gansh. 422) au

4 997 2048 170 point d'y comprendre les duchés de Spolète et

3 1077 2017 174 de Bénévent ainsi que la Vénétie et l'Istrie.

0 1169 2074 186 Il trouva qu'il avait été un peu loin quand,

0 1273 2018 173 ,revenu à Pavie qui se rend en juin 774

9 1390 1961 165 avec Didier, il eût pris le titre de roi des

0 1539 535 137 Lombards.

29 1610 2110 187 Jusque là, il s etait contenté de s appeler

4 1721 2033 195 Carolus gratia Dei rex Francorum vir

4 1841 2077 150 inluster (Mühlb. p. 54). Son titre est main¬

8 1929 2082 179 tenant "rex Francorum et Longobardo¬

0 2003 2196 186 rum ac patricius Romanorum" (Ibid. 67).

16 2136 2323 140 Et sûrement cette innovation montre que pr

4 2219 2129 166 lui son patriciat romain, à la différence cer¬

8 2297 2130 190 taine de ce que voudrait le pape, est une an¬

2 2383 2222 221 nexe de sa royauté lombarde. Le roi des Francs

2 2521 2020 151 est devenu une puissance italienne. Son

21 2622 2057 155 pouvoir né dans l'Austrasie germanique

0 2694 2059 203 s'est étendu jusqu'à la Méditerranée. Mais

0 2792 2084 179 il ne s etablira pas à Rome. Il ne deviendra

8 2892 2004 168 pas méditerranéen. Il restera septentrio¬

8 2988 2012 196 nal. L'Italie gravitera dans son orbite avec

0 3081 2058 194 la papauté. S'il laisse subsister une certaine

0 3207 2037 169 autonomie du royaume lombard, il y envoye

6 3337 2091 155 des comtes francs (orientaux) et y distribue des

0 3430 2056 156 domaines à de grandes Eglises de la Francia.

30 3535 2033 160 Quant au pape, il cherche naturellement à ne

0 3624 2015 159 voir dans ce patricius qui en somme tient

0 3707 2071 183 son pouvoir d Etienne II à Quiersy, un protecteur

0 3796 2133 180 de sa situation. Mais il y a ici une contradic¬

21 3923 2082 190 tion fatale. D'abord tout protecteur devient

0 4029 2005 180 facilement Un maître. Pepin ne l'a pas

3 4133 2125 207 été qui a si fidèlement modelé sa politique

2 4259 2039 158 italienne sur celle du pape, mais Charles le

12 4362 2055 199 sera. Le fait déjà qu'il prend le titre de patrice

4 4465 2141 206 seulement quand il a conquis le royaume lom¬

9 4576 2028 204 bard indique bien qu'il considère ce titre

11 4706 2045 174 aussi comme une conquête, donc qu'il le

0 4849 1060 139 possède par lui-même.
