4090 5080
3713 67 271 187 101

143 12 1957 144 S. Benoit, né probablement près de Spolète

131 118 1964 165 élevé à Rome puis se retire dans la solitude

127 194 1985 182 à Sobiaco. Des ascètes se groupent autour de lui.

135 296 1926 186 En 529 il s etablit avec eux au Mont Cassin.

131 402 1918 186 Sa règle a utilisé celle de Cassien, Rufin, S.

118 478 1960 212 Augustin Elle ne prescrit pas l'étude bien

118 622 1952 148 qu'on y parle de livres à lire en carême. Elle a

122 694 1978 195 un caractère pratique sans austérité excessi¬

127 800 1926 186 ve. Ce qui surtout devait faire sa future

131 889 1943 190 importance universelle, c'est le Voisinage de

114 1003 292 169 Rome.

156 1117 1918 199 Diffusion extraordinaire du monachis¬

148 1219 1922 199 me partout. Les rois en fondent (Stavelot),

143 1350 1194 144 les aristocrates, les évêques.

131 1401 2057 207 Un grand propagateur en Espagne sera S. Fruc¬

148 1536 1532 182 tuosus, évêque de Braga + 665.

131 1646 1249 165 A Rome Grégoire le Grand.

139 1731 1973 190 L'empreinte surtout forte aux bords de la

131 1858 2053 161 Méditerranée. Elle semble s'y associer à l'é¬

118 1938 2104 195 vangélisation des payens comme le montrent

135 2040 1939 199 les histoires des Aquitains (Amand 647-75)

131 2154 2070 208 et Remacle (c. 650-670) tout à la fois évangé¬

135 2307 961 152 lisateurs et moines.

152 2370 1994 212 Mais elle éclate surtout dans l'évangélisa¬

131 2531 990 161 tion des Anglo Saxons.

135 2578 1998 220 La mission conduite par Augustin toucha

131 2709 1875 169 le royaume de Kent <....... ... .. ...>

105 2802 1914 203 <.... ... .. ..... ..... .. .... ......>

105 2882 1812 208 <......> Vers Paques 597 (<.....>, missions p. 158)

143 2988 1935 216 Ainsi c'est de la Méditerranée que part cette

122 3111 1952 191 extension septentrionale de l'Eglise dont

110 3238 1994 157 les conséquences devaient être si profondes. Et

122 3335 1923 170 elle s'accomplit avec des hommes tout à fait

114 3437 1960 161 romanisés. Augustin est un homme d'une

110 3539 2002 165 grande culture et son compagnon plus encore

101 3606 381 216 que lui.

122 3725 2088 186 Ainsi donc l mediterranée est le foyer du chris¬

127 3852 1964 173 tianisme vivant. Les preuves en abondent :

118 3979 1986 169 Nicetius évêque d Trèves est de Limoges, et on

127 4097 1638 165 en peut citer une quantité d'autres.

131 4216 1990 203 Au point de vue litteraire, il en est d même.

122 4351 1923 187 Sans doute l'homme qui exercera la plus

114 4474 1964 165 grande influence sur l'avenir est un Romain,

139 4559 720 211 Grégoire le Grand.

143 4699 2071 177 C est un patricien comme Cassiodore Il commence

139 4817 2020 157 par être prêteur. Mais l ascétisme lui fait vendre

143 4914 2003 161 ses biens et avec le produit, il fonde sept couvents.

2138 46 660 169 Schubert, p.62.

2417 694 1605 266 Pr le n. des monast au VIIe Hauck I, 276.

3306 927 203 144 +615.

2315 1045 1571 233 Colomban arrive en 590. (Cf. Moreau,

3683 1126 254 122 p.188).

2193 1206 1723 212 Voy. ds Hauck I, 268 sqq. le grand nombre des

2231 1286 1715 199 monastères fondés sous l infl. se Lu¬

2218 1375 1524 216 xeuil au VIIe s., surtout ds le Nord.

2227 1439 1816 237 Il faut noter cette infl. à côté de l'infl. me¬

2197 1540 1778 229 diterranéenne. Il semble que Luxeuil l'em¬

2282 1629 1659 246 porte en renommée sur Lérins. Hauck,

2243 1833 390 169 I, p.274.

2341 1845 1660 237 La règle de Colomban trop ascétique ne

2324 1960 1643 249 se maintient pas et fut remplacée p.

2307 2053 1516 211 celle de s. Benoît de méditerr. Voy.

2337 2099 1630 292 Hauck I, 283. A peine Colomban a-t-il

2358 2184 1600 262 quitté la Gaule que la regle d s. Benoît

2371 2357 605 183 s y introduit.

2252 2556 754 149 avec 40 moines

2108 2671 1871 233 En 627, le christianisme s'est répandu de

2100 2789 1909 216 Kent au Northum berland. La christianisation

2112 2887 1406 224 est complète en 686 (ds Moreau, p.185)

2150 3162 1812 224 En 668 le pape Vitelius envoye c. archev. à Can¬

2239 3289 1694 216 terbury Theodore de Tarse qui a étudié à

2243 3382 1728 186 Athènes. Son ami Adrien qui l'accompagne

2235 3450 1740 211 est Africain, connaissant grec et latin. C'est

2235 3568 1651 157 eux qui avec des Irlandais ont propagé la

2273 3670 1380 152 culture antique chez les Angl. Sax.

2646 3797 601 131 Bede IV. 1.

3281 3712 669 161 (Mais il y a eu aussi

3323 3776 699 173 ds apôtres islandais)

2421 4097 1563 229 Thierry Ier envoye ds clercs de Clermont

2210 4275 1033 195 à Trèves. Hauck I, p.116.
