4090 5080
3618 0 376 323 99

1916 86 173 140 2

1642 225 598 257 L'Eglise

166 462 1897 200 Que l'Eglise ait continué après la chute

118 558 1914 158 des empereurs en Occident à se développer

115 634 1975 184 dans la même ligne de conduite, c'est ce qui

103 728 2036 184 est évident en soi. En fait, elle représente par

112 829 1965 155 excellence la continuité du romanisme. Elle

114 911 2045 189 croit d'autant plus à l Empire qu'il est pour

102 1008 1969 191 elle le plan providentiel. Tout son personnel

95 1097 2010 164 est romain et recruté dans cette aristocratie

94 1187 1984 185 qui incorpore ce qui subsiste de la civilisation.

85 1288 1938 181 C est à peine que bien plus tard y entreront

101 1374 1956 171 quelques barbares. Au point de vue social son

98 1445 1999 186 influence est immense. Le pape à Rome, l'évê¬

98 1534 1982 189 que dans sa cité, voilà les personnages princi¬

97 1648 1980 196 paux. Qui veut faire carrière aujourd'hui ou

94 1749 2045 164 se mettre à l'abri des tempêtes, c'est dans elle

89 1841 2002 188 qu il doit se réfugier qu il soit grand seigneur

102 1950 2080 161 comme Sidoine ou comme Avitus ou ruiné com¬

94 2049 2000 175 me Paulin de Pella. Presque tous les écri¬

109 2144 2053 196 vains que l'on vient de signaler ont fini dans

102 2269 395 148 son sein.

116 2350 2000 208 Mais il y a aussi ceux qui y entrent par con¬

110 2452 2006 187 viction, ceux qu'y pousse la foi. Et ici sans doute,

79 2554 2012 169 il faut faire sa part très grande à l'ascétis¬

87 2664 1967 158 me oriental. Il se répand de bonne heure

93 2748 2040 167 en Occident et c'est là un trait essentiel de l'é¬

103 2866 304 126 poque.

72 2941 2063 246 Vers 410 S. Honorat qui fut plus tard évêque

82 3081 2122 197 d'Arles fonde le monastère de Lérins dans

84 3194 963 192 le diocèse de Grasse.

92 3300 2087 190 L ascétisme égyptien se répand en Gaule. Gre¬

101 3417 1958 233 goire VIII. 15 p.334 mentionne un stylite

94 3548 1958 227 à Eposium (Yvoy) sur d'autres excès d'as¬

71 3640 1227 224 cétisme, Voy. Dill, p 356.

106 3812 1931 243 S. Martin où en Hongrie fonde vers 360 le mo¬

77 3933 1969 210 nastère de Ligugé près de Poitiers (pl tard

83 4016 840 232 Ev d Tours 371-397).

92 4133 1974 208 s. Jean Cassien, moine à Bethléem, en Egypte,

55 4244 1999 219 à Constantinople fonde s. Victor de Marseille

75 4356 370 162 vers 413.

89 4455 1985 196 Ainsi le monachisme oriental se répand en

74 4559 1969 213 Occident dès l'Empire au bord de la Méditer¬

58 4671 291 157 ranée.

84 4773 2010 237 Les barbares n'y touchèrent pas. On peut et

2164 1022 1883 166 Elle continue à vivre sous le droit romain.

2429 1535 1494 207 Voy. là dessus le travail d Hélène

2215 1662 1708 198 Wieruszowski ds Bonner Jahrbücher de

2198 1769 1683 207 1922. Elle donne une statistique pour les

2215 1885 1683 178 Ev. de l gaule du VIe s. d'où il appert qu'ils

2193 2013 1053 146 sont presque ts romains.

3638 2780 323 123 Lérins.

2275 2864 1533 186 Infl. du monachisme égyptien à  <...>

2212 2929 1770 263 L'Anglais S. Patrice qui convertit l'Ir¬

2241 3042 1716 217 lande en 432 vécut à Lérins et trans¬

2227 3169 1656 212 porta de là en Irlande des influences

2201 3279 1722 220 religieuses et artistiques égyptiennes.

2184 3386 1876 232 (Forsch. und Fortschritte, 1935, p. 222, 223)
