4090 5056
3516.0 88.0 287.0 253.0 30

92.0 75.0 2020.0 174.0 de l'Empire (444-566) Voy. l eloge de Car¬

109.0 192.0 2093.0 159.0 thage sous Thrasamund dans l'Anthologie.

109.0 282.0 2125.0 189.0 Les rois marchent dans les souliers de Rome

109.0 399.0 1997.0 168.0 comme la restauration dans les souliers de

101.0 497.0 1994.0 179.0 Bonaparte. Par exemple en 484 l'édit de

122.0 607.0 2083.0 194.0 Genséric contre les catholiques est copié sur

123.0 713.0 2023.0 200.0 celui d Honorius de 412 contre les Donatistes

120.0 839.0 2042.0 160.0 (Annales Soc.1934, p.353). Et on voit par

103.0 936.0 2071.0 198.0 ce même édit que les classes de la populat.

103.0 1050.0 2031.0 206.0 sont restées exactement les mêmes. Bref,

103.0 1165.0 2096.0 180.0 chez les Vandales il y a encore moins de traces

105.0 1276.0 2079.0 186.0 de germanisme que chez les Ostrogoths. Il est

123.0 1396.0 1950.0 205.0 vrai que l'Afrique au moment où ils s'y

112.0 1525.0 2093.0 163.0 sont établis était la plus vivante des provinces

117.0 1620.0 2001.0 202.0 de l'Occident et qu'elle s'est tout de suite

123.0 1752.0 2017.0 177.0 imposée à eux. Il paraît certain que l'A¬

123.0 1865.0 2011.0 174.0 rianisme n'a été conservé par les rois que

115.0 1971.0 2025.0 199.0 par le desir de garantir l'armée d'une ab¬

117.0 2081.0 1998.0 188.0 sorption trop rapide dans la romanité.

168.0 2178.0 2012.0 223.0 L'Espagne et la Gaule avaient autrement

112.0 2282.0 2098.0 225.0 Souffert des invasions et n etaient pas d'ail¬

120.0 2401.0 2026.0 217.0 leurs romanisées au point des l Italie et de

123.0 2508.0 1767.0 225.0 l'Afrique. Que s'y passe-t-il donc?

143.0 2645.0 1955.0 217.0 Chez les Wisigoths avant la conquête de Clovis

129.0 2738.0 2050.0 219.0 les rois vivent à la romaine dans une Capitale

132.0 2848.0 2019.0 205.0 Toulouse, plus tard ce sera Tolède. Les Wisigoths

126.0 2983.0 2039.0 162.0 etablis suivant l'hospitalitas ne sont en rien

115.0 3087.0 2106.0 176.0 supérieurs aux Romains. Le roi appelle l'en¬

117.0 3193.0 2186.0 173.0 semble populus noster. Mais chacun conserve

115.0 3283.0 2137.0 200.0 son droit et il n'y a pas Connubium. L interdict

90.0 3412.0 1887.0 152.0 du connubium disparait sous Leovigild

132.0 3521.0 2028.0 153.0 il l'arianisme sous Rekkared. Les sortes des

143.0 3651.0 1230.0 160.0 Goths sont libres d'impôts.

143.0 3738.0 2017.0 152.0 Les provinces conservées avec leurs rectores ou

129.0 3838.0 1977.0 159.0 judices provinciarum, consulares, praesides

132.0 3968.0 1424.0 121.0 et elles sont divisées en civitates.

134.0 4026.0 2073.0 207.0 Rien de germanique d'après Schmidt dans l'or¬

132.0 4207.0 957.0 124.0 ganisation agricole

148.0 4256.0 1995.0 170.0 Le roi est absolu : dominus noster gloriosis¬

146.0 4376.0 2042.0 177.0 simus rex. Il est héréditaire et il n'y a pas par¬

129.0 4480.0 1991.0 171.0 ticipation du peuple. Les traces d'assemblées de

134.0 4565.0 1978.0 213.0 l'armée que Schmidt signale faute de pouvoir

146.0 4679.0 2053.0 186.0 découvrir de vraies assemblées nationales sont

151.0 4806.0 2158.0 162.0 des faits divers comme on en trouverait beaucoup

2297.0 3362.0 1590.0 164.0 La communauté du droit établie sous

2244.0 3533.0 652.0 112.0 Rekkeswinth.
