4090 5056
3634.0 45.0 313.0 189.0 70

120.0 84.0 1872.0 126.0 achèteront de l'huile au cellarium fisci

295.0 191.0 1870.0 137.0 (Buchner n. 45) Une formule de Marculf

120.0 283.0 1983.0 124.0 nomme Marseille comme le ports où on

115.0 373.0 2050.0 135.0 a coutume d'acheter l'approvisionnmnt des

120.0 469.0 1989.0 126.0 luminaria. Cette huile montait donc

109.0 550.0 1992.0 152.0 jusque dans le Nord. Le texte de Corbie sur

123.0 646.0 1913.0 140.0 les 10000 livres d'huile ds le diplome de 716

117.0 755.0 1978.0 121.0 établit la même chose. Or on ne peut penser

123.0 834.0 1955.0 157.0 ici à de l'huile de Provence, puisqu'elle se

120.0 932.0 1927.0 146.0 trouve dans le cellarium fisci. Un texte

123.0 1033.0 1916.0 168.0 qui parle d'exportation d'huile par Bor¬

123.0 1126.0 1918.0 166.0 deaux permet de croire que cette huile é¬

126.0 1261.0 1393.0 140.0 tait expédiée de Marseille.

199.0 1353.0 1919.0 177.0 Ceci atteste d'actives relations avec l'A¬

137.0 1477.0 1989.0 166.0 frique. Mais le fait très curieux que des cha¬

123.0 1595.0 1989.0 161.0 meaux sont employés comme animaux de

129.0 1688.0 2003.0 157.0 transport en Espagne et en Gaule jettent aussi

127.0 1792.0 2016.0 162.0 sur eux une vive lumière. Car ces chameaux

137.0 1887.0 2028.0 168.0 ne peuvent venir que d'Afrique où Rome les

143.0 1999.0 1963.0 163.0 a introduits au IIe siècle. Evidemment ils se

146.0 2095.0 2129.0 183.0 seront répandus de ce côté ci de la mer avant

140.0 2224.0 2118.0 206.0 les invasions. Grégoire VII 35 p. 315 mentionne

149.0 2331.0 1969.0 177.0 les chameaux et les chevaux cum ingenti

146.0 2446.0 2002.0 183.0 pondere auri adque argenti abandonnés p.

151.0 2542.0 2082.0 217.0 l'armée de Gondevald pendant sa retraite.

158.0 2660.0 1990.0 185.0 De même Brunehaut avant son supplice

148.0 2784.0 2009.0 162.0 est devant l'armée promenée sur un cha¬

156.0 2838.0 2054.0 258.0 meau (Fredeg. IV. 42 SS Merov II. 142 et cf Vita

157.0 2983.0 1932.0 188.0 Columbani Ibid IV. 106. et Liber historiae

143.0 3061.0 2070.0 222.0 Francorum Ibid. II 310) ce qui prouve semble¬

161.0 3173.0 2049.0 228.0 t-il par comparaison avec le texte précédent

157.0 3317.0 2003.0 182.0 que les armées transportaient leurs bagages

152.0 3418.0 1960.0 215.0 sur des chameaux. La Vita Eligii SS Merov

157.0 3513.0 2020.0 211.0 IV 702 nous parle vers 650 d'un camelum

157.0 3620.0 2084.0 228.0 onerarium qui accompagne l'évêque en Voy¬

163.0 3749.0 2031.0 229.0 age. Voy. encore l'article sur les chameaux en

154.0 3921.0 348.0 120.0 Alsace.

174.0 3949.0 2101.0 239.0 En Espagne le roi Wamba fait amener à Tolède

165.0 4084.0 2115.0 191.0 le rebelle Paulus "abrasis barbis pedibusque

151.0 4202.0 2006.0 184.0 nudatis subsqualentibus veste et habitu

157.0 4311.0 2073.0 157.0 induti camelorum vehiculis imponuntur"

156.0 4418.0 2029.0 171.0 Julien de Tolède SS Merov V 525). On a aussi ds

170.0 4525.0 1928.0 184.0 Ducange Ve Comelus un texte de la Vita SS.

162.0 4640.0 2029.0 180.0 Voti et Felicis où il faut lire certainement ca¬

165.0 4763.0 2079.0 165.0 melos et non corriger en Capras av. Ducange.

1938.0 36.0 896.0 101.0 suivent l'ordo cataboli

2219.0 199.0 951.0 160.0 Suppl. Marculf I, 107.

2103.0 831.0 1922.0 166.0 Le calcul de Buchner p. 45 qui calcule d'a¬

2109.0 924.0 1924.0 196.0 près cela l importation d'huile à Fos à 200000

2105.0 1055.0 1170.0 152.0 livres par an ne vaut rien.

2224.0 1921.0 899.0 135.0 Note sur chameaux
