<?xml version="1.0" encoding="UTF-8"?>
<alto xmlns:xsi="http://www.w3.org/2001/XMLSchema-instance"
      xmlns="http://www.loc.gov/standards/alto/ns-v4#"
      xsi:schemaLocation="http://www.loc.gov/standards/alto/ns-v4# http://www.loc.gov/standards/alto/v4/alto-4-2.xsd">
  <Description>
    <MeasurementUnit>pixel</MeasurementUnit>
    <sourceImageInformation>
      <fileName>Image00104.tif</fileName>
    </sourceImageInformation>
  </Description>
  <Tags>
    <OtherTag ID="BT32" LABEL="MainZone" DESCRIPTION="block type MainZone"/><OtherTag ID="BT33" LABEL="MarginTextZone" DESCRIPTION="block type MarginTextZone"/><OtherTag ID="BT34" LABEL="NumberingZone" DESCRIPTION="block type NumberingZone"/>
    <OtherTag ID="LT20" LABEL="DefaultLine" DESCRIPTION="line type DefaultLine"/><OtherTag ID="LT21" LABEL="HeadingLine" DESCRIPTION="line type HeadingLine"/><OtherTag ID="LT22" LABEL="InterlinearLine:addition" DESCRIPTION="line type InterlinearLine:addition"/><OtherTag ID="LT23" LABEL="InterlinearLine:correction" DESCRIPTION="line type InterlinearLine:correction"/>
  </Tags>
  <Layout>
    <Page WIDTH="4090"
          HEIGHT="5080"
          PHYSICAL_IMG_NR="103"
          ID="eSc_dummypage_">
      <PrintSpace HPOS="0"
                  VPOS="0"
                  WIDTH="4090"
                  HEIGHT="5080">
        <TextBlock HPOS="3708"
                   VPOS="67"
                   WIDTH="280"
                   HEIGHT="167"
                   ID="eSc_textblock_4008bc36"
                   TAGREFS="BT34">
          <Shape><Polygon POINTS="3965 90 3988 166 3886 234 3720 222 3708 124 3790 67"/></Shape>
          <TextLine ID="eSc_line_1d170be4"
                    TAGREFS="LT20"
                    BASELINE="3719 157 3985 161" 
                    HPOS="3718"
                    VPOS="72"
                    WIDTH="323"
                    HEIGHT="160">
            <Shape><Polygon POINTS="4041 74 3952 232 3718 214 3720 72"/></Shape>
	    <String CONTENT="101"
                    HPOS="3718"
                    VPOS="72"
                    WIDTH="323"
                    HEIGHT="160"></String>
          </TextLine>
        </TextBlock>
        <TextBlock HPOS="74"
                   VPOS="5"
                   WIDTH="2209"
                   HEIGHT="5076"
                   ID="eSc_textblock_fda27992"
                   TAGREFS="BT32">
          <Shape><Polygon POINTS="674 5081 2283 5049 2104 4271 1777 4152 2130 4055 2196 3814 2072 3061 2128 2684 2128 2524 2246 2025 2242 2018 2060 1675 2075 1531 2175 1485 2091 1266 2133 5 105 24 90 2467 80 3983 74 4990"/></Shape>
          <TextLine ID="eSc_line_07486340"
                    TAGREFS="LT20"
                    BASELINE="149 104 649 127 2102 105" 
                    HPOS="146"
                    VPOS="22"
                    WIDTH="1965"
                    HEIGHT="189">
            <Shape><Polygon POINTS="2066 45 2037 45 2009 45 1981 45 1973 45 1967 47 1910 73 1846 47 1831 42 1812 42 1783 42 1755 42 1738 42 1735 42 1724 47 1659 64 1560 76 1510 47 1495 39 1493 39 1473 39 1445 39 1442 39 1439 39 1419 47 1346 79 1202 79 1134 50 1131 50 1129 50 1126 50 1123 50 1086 73 1021 56 1018 56 1016 56 1013 56 945 76 906 59 903 59 900 59 897 59 894 59 875 73 770 56 767 56 764 56 755 52 728 79 652 79 578 47 567 42 564 42 561 42 558 42 556 42 550 47 516 73 462 76 366 47 352 42 350 42 216 22 146 45 149 104 149 141 429 160 469 154 515 154 601 160 604 160 606 160 617 211 631 206 650 163 674 160 677 160 758 177 1106 146 1436 138 1456 149 1464 158 1467 158 1470 158 1505 170 1546 149 1659 138 1730 152 1755 155 1758 158 1809 145 1829 146 1852 151 1884 138 1916 141 1969 134 2105 132 2111 115 2105 47 2094 47"/></Shape>
	    <String CONTENT="S. Benoit, né probablement près de Spolète"
                    HPOS="146"
                    VPOS="22"
                    WIDTH="1965"
                    HEIGHT="189"></String>
          </TextLine>
          <TextLine ID="eSc_line_d773fb1e"
                    TAGREFS="LT20"
                    BASELINE="132 197 347 225 677 231 2100 180" 
                    HPOS="128"
                    VPOS="141"
                    WIDTH="1982"
                    HEIGHT="179">
            <Shape><Polygon POINTS="1977 148 1941 149 1900 146 1869 154 1833 167 1803 161 1751 169 1733 165 1685 158 1673 152 1634 152 1602 159 1580 165 1570 162 1531 177 1494 183 1479 165 1444 162 1427 161 1408 151 1395 158 1384 167 1377 159 1351 172 1317 181 1245 156 1210 155 1182 160 1162 158 1147 163 1134 167 1128 174 1104 178 1083 174 993 163 990 163 987 163 985 163 985 166 944 168 905 180 874 192 854 185 818 187 787 189 771 197 761 192 744 203 705 186 693 191 672 197 656 211 637 212 625 217 613 218 589 214 578 208 577 187 541 171 515 163 491 156 451 158 448 158 445 158 445 160 443 163 426 177 403 166 400 166 397 166 395 166 327 173 276 163 273 163 198 154 132 166 132 197 128 234 330 251 333 251 366 273 369 273 427 263 501 320 569 285 626 262 767 282 793 276 795 276 897 251 939 270 942 270 945 270 1041 268 1044 268 1092 245 1227 256 1230 256 1233 256 1332 225 1349 239 1352 239 1354 239 1357 242 1555 242 1555 239 1702 220 1738 239 1741 239 1744 239 1747 239 1750 239 1781 220 1891 225 1893 225 1978 208 1992 206 2001 206 2077 222 2080 222 2083 222 2085 222 2100 208 2110 184 2094 152 2048 141 2011 141"/></Shape>
	    <String CONTENT="élevé à Rome puis se retire dans la solitude"
                    HPOS="128"
                    VPOS="141"
                    WIDTH="1982"
                    HEIGHT="179"></String>
          </TextLine>
          <TextLine ID="eSc_line_3cc1b167"
                    TAGREFS="LT20"
                    BASELINE="132 299 429 324 694 324 2114 268" 
                    HPOS="118"
                    VPOS="214"
                    WIDTH="1996"
                    HEIGHT="152">
            <Shape><Polygon POINTS="133 323 193 321 275 350 527 366 530 366 654 347 700 361 702 361 702 358 725 338 762 358 764 358 767 358 1145 347 1148 347 1216 330 1261 318 1284 330 1309 341 1312 341 1315 341 1318 341 1354 327 1405 307 2111 313 2114 268 2109 228 2043 231 2009 214 2006 214 2004 214 2001 214 1944 239 1778 246 1725 236 1691 233 1650 240 1636 243 1615 255 1583 251 1566 250 1546 252 1525 246 1507 241 1462 254 1451 265 1433 239 1431 239 1428 239 1340 259 1213 251 1210 251 1134 268 1035 282 969 281 920 270 759 294 641 288 550 303 508 322 492 321 476 311 419 284 353 269 173 240 129 265 118 295"/></Shape>
	    <String CONTENT="à Sobiaco. Des ascètes se groupent autour de lui."
                    HPOS="118"
                    VPOS="214"
                    WIDTH="1996"
                    HEIGHT="152"></String>
          </TextLine>
          <TextLine ID="eSc_line_ad23a378"
                    TAGREFS="LT20"
                    BASELINE="136 376 242 423 423 426 2063 364" 
                    HPOS="120"
                    VPOS="307"
                    WIDTH="1943"
                    HEIGHT="196">
            <Shape><Polygon POINTS="299 471 302 503 336 497 377 452 457 465 460 465 705 454 708 454 711 454 733 437 739 434 759 437 832 445 835 445 838 445 841 445 855 434 860 428 875 434 914 445 917 445 920 445 923 445 962 431 970 428 996 428 1112 440 1114 440 1117 440 1154 426 1171 420 1188 426 1227 437 1230 437 1233 437 1236 437 1239 437 1239 434 1253 423 1261 417 1363 420 1464 423 1467 423 1470 423 1473 423 1481 417 1495 406 1507 417 1510 420 1512 420 1515 420 1518 420 1569 414 1710 397 2060 400 2063 364 2054 321 1922 313 1820 324 1741 307 1738 307 1620 330 1577 338 1543 333 1467 316 1464 316 1462 316 1405 335 1368 349 1054 369 937 349 934 349 931 349 914 364 859 368 844 370 806 364 773 361 746 366 700 366 663 352 643 347 640 347 637 347 634 354 600 387 587 388 571 397 549 394 530 378 491 358 482 352 479 352 477 352 474 352 451 358 378 378 338 361 330 358 235 358 171 322 140 360 120 397 146 451"/></Shape>
	    <String CONTENT="En 529 il s etablit avec eux au Mont Cassin."
                    HPOS="120"
                    VPOS="307"
                    WIDTH="1943"
                    HEIGHT="196"></String>
          </TextLine>
          <TextLine ID="eSc_line_f612007c"
                    TAGREFS="LT20"
                    BASELINE="138 527 640 533 1611 485 2052 476" 
                    HPOS="135"
                    VPOS="409"
                    WIDTH="1917"
                    HEIGHT="169">
            <Shape><Polygon POINTS="151 544 279 578 282 578 285 578 318 564 381 575 396 578 880 558 1055 530 1058 530 1061 530 1397 536 1400 536 1402 536 1484 513 1741 508 1783 527 1786 527 1789 527 1792 527 1882 502 1941 502 1940 501 1985 496 2029 506 2052 493 2052 476 2040 409 1941 440 1704 420 1699 420 1696 420 1693 420 1583 451 1484 431 1481 431 1383 454 1304 434 1301 434 1298 434 1295 434 1292 434 1270 451 1216 445 1213 445 1210 445 1208 445 1208 448 1188 465 1083 443 1081 443 1078 443 1075 443 1075 445 1047 471 887 461 821 451 818 451 815 451 812 451 810 451 810 454 789 446 764 457 762 457 759 457 756 457 753 457 725 479 620 488 479 488 386 465 383 465 381 465 378 465 375 465 342 507 312 512 273 496 239 471 237 471 234 471 231 471 135 471 138 527"/></Shape>
	    <String CONTENT="Sa règle a utilisé celle de Cassien, Rufin, S."
                    HPOS="135"
                    VPOS="409"
                    WIDTH="1917"
                    HEIGHT="169"></String>
          </TextLine>
          <TextLine ID="eSc_line_ffb02508"
                    TAGREFS="LT20"
                    BASELINE="121 612 344 637 654 640 2080 558" 
                    HPOS="121"
                    VPOS="502"
                    WIDTH="1959"
                    HEIGHT="195">
            <Shape><Polygon POINTS="216 661 276 694 279 697 282 697 285 697 287 697 316 670 318 671 321 671 440 685 443 685 445 685 448 685 468 671 508 682 510 682 513 682 829 657 900 666 903 666 1117 629 1126 629 1148 643 1151 643 1154 643 1157 643 1160 643 1196 626 1199 626 1329 643 1332 643 1335 643 1377 623 1442 635 1445 635 1546 615 1557 619 1574 610 1594 610 1613 615 1642 612 1738 620 1741 620 1744 620 1806 601 1823 615 1826 615 1829 615 1831 615 1834 615 1837 615 1837 612 1862 592 1936 603 1939 603 1941 603 1944 603 1967 587 1967 584 2080 578 2080 558 2071 522 2001 511 1977 524 1925 502 1922 502 1919 502 1916 502 1868 527 1846 539 1817 530 1788 541 1766 549 1757 551 1747 553 1729 565 1715 558 1707 551 1687 533 1631 527 1628 527 1625 527 1602 526 1595 520 1575 539 1552 519 1549 519 1546 519 1543 519 1541 519 1538 519 1512 539 1490 558 1419 561 1360 561 1329 547 1292 530 1289 530 1287 530 1284 530 1281 530 1258 547 1230 570 1145 555 1143 555 1140 555 1047 578 962 567 959 567 787 592 728 567 716 561 714 561 711 561 660 570 629 575 626 575 623 575 623 578 604 598 558 572 553 570 550 570 547 570 544 570 426 605 302 603 161 559 121 612 122 652"/></Shape>
	    <String CONTENT="Augustin Elle ne prescrit pas l&#x27;étude bien"
                    HPOS="121"
                    VPOS="502"
                    WIDTH="1959"
                    HEIGHT="195"></String>
          </TextLine>
          <TextLine ID="eSc_line_3e457934"
                    TAGREFS="LT20"
                    BASELINE="127 725 776 733 1507 688 2074 674" 
                    HPOS="127"
                    VPOS="611"
                    WIDTH="1947"
                    HEIGHT="167">
            <Shape><Polygon POINTS="228 750 265 767 296 778 299 778 302 778 632 770 635 770 668 756 731 767 733 767 736 767 793 747 863 762 866 762 934 747 1092 756 1095 756 1098 756 1100 756 1126 733 1131 728 1151 733 1196 745 1199 745 1202 745 1205 745 1236 730 1244 730 1425 730 1428 730 1431 730 1433 730 1442 722 1450 716 1541 719 1710 722 1713 722 1789 708 1798 708 1800 708 1831 725 1834 725 1837 725 2074 697 2074 674 2068 637 1885 611 1464 637 1462 637 1459 637 1448 649 1433 660 1400 649 1380 643 1377 643 1374 643 1371 643 1360 649 1326 668 1286 636 1205 651 1191 646 1188 646 1185 646 1182 646 1179 646 1168 654 1113 664 883 680 841 660 838 660 835 660 832 660 829 660 829 663 804 685 426 694 397 680 395 680 269 706 218 673 140 680 127 725 136 751"/></Shape>
	    <String CONTENT="qu&#x27;on y parle de livres à lire en carême. Elle a"
                    HPOS="127"
                    VPOS="611"
                    WIDTH="1947"
                    HEIGHT="167"></String>
          </TextLine>
          <TextLine ID="eSc_line_48281bb1"
                    TAGREFS="LT20"
                    BASELINE="127 793 302 826 629 832 2102 767" 
                    HPOS="127"
                    VPOS="716"
                    WIDTH="1975"
                    HEIGHT="168">
            <Shape><Polygon POINTS="2001 716 1998 716 1874 739 1860 742 1848 742 1766 725 1764 725 1761 725 1758 725 1738 742 1704 722 1702 722 1699 722 1696 722 1648 745 1642 747 1614 732 1543 728 1541 728 1445 750 1391 762 1366 750 1335 739 1332 739 1329 739 1326 739 1323 739 1323 742 1309 753 1295 764 1165 756 1148 756 1145 756 1129 761 1018 776 942 757 930 761 913 772 901 774 871 773 846 790 829 781 762 773 759 773 578 793 533 788 504 790 488 792 452 797 379 814 330 808 290 777 134 762 127 793 151 824 347 857 369 874 372 874 375 874 493 877 496 877 682 884 788 853 950 861 1241 829 1320 815 1343 826 1352 829 1354 829 1357 829 1391 824 1470 812 1625 818 1710 821 1713 821 1716 821 1733 815 1775 801 1800 812 1826 826 1829 826 1831 826 1834 826 1882 812 1927 798 2100 804 2102 767 2097 736"/></Shape>
	    <String CONTENT="un caractère pratique sans austérité excessi¬"
                    HPOS="127"
                    VPOS="716"
                    WIDTH="1975"
                    HEIGHT="168"></String>
          </TextLine>
          <TextLine ID="eSc_line_98fb6534"
                    TAGREFS="LT20"
                    BASELINE="131 877 337 942 338 942 773 928 1126 911 1459 877 2054 857" 
                    HPOS="116"
                    VPOS="818"
                    WIDTH="1938"
                    HEIGHT="159">
            <Shape><Polygon POINTS="451 970 454 970 457 970 457 968 485 942 525 968 527 970 530 970 533 970 536 970 539 970 547 968 575 956 654 962 714 965 716 965 945 956 948 956 951 956 965 945 970 942 1004 942 1137 948 1140 948 1213 931 1230 928 1236 931 1270 945 1273 945 1275 945 1321 923 1333 955 1368 942 1368 939 1385 922 1394 911 1459 905 1671 903 1676 905 1699 925 1699 928 1702 928 1704 928 1701 925 1725 935 1751 917 1773 897 1789 890 1804 901 1809 897 1848 897 2015 903 2018 903 2021 903 2054 886 2054 857 2049 826 1863 826 1793 822 1707 831 1620 818 1617 818 1614 818 1532 841 1371 826 1368 826 1366 826 1363 826 1332 846 1292 829 1289 829 1287 829 1284 829 1281 829 1239 833 1222 856 1117 869 1083 869 1072 860 1064 860 1037 863 1019 870 1002 881 989 880 971 885 949 883 927 880 906 878 893 883 880 876 855 869 793 877 764 872 745 876 733 876 709 886 693 896 651 905 613 900 488 886 479 880 471 872 468 872 465 872 462 872 460 872 457 872 415 900 267 862 126 837 116 908 312 977"/></Shape>
	    <String CONTENT="ve. Ce qui surtout devait faire sa future"
                    HPOS="116"
                    VPOS="818"
                    WIDTH="1938"
                    HEIGHT="159"></String>
          </TextLine>
          <TextLine ID="eSc_line_3359d1a5"
                    TAGREFS="LT20"
                    BASELINE="132 992 409 1042 790 1027 1535 973 2077 953" 
                    HPOS="112"
                    VPOS="900"
                    WIDTH="1965"
                    HEIGHT="175">
            <Shape><Polygon POINTS="157 1016 195 1025 233 1054 328 1064 412 1066 513 1075 516 1075 733 1052 759 1052 773 1052 908 1058 911 1058 914 1058 954 1044 973 1038 993 1041 1033 1049 1035 1049 1038 1049 1072 1038 1089 1032 1100 1038 1129 1049 1131 1049 1134 1049 1230 1047 1315 1027 1394 1007 1755 996 1775 1007 1795 1024 1798 1024 1800 1024 1803 1024 1860 1021 1862 1021 1865 1021 1865 1018 1882 1001 1896 990 2074 993 2077 953 2071 900 1995 900 1992 900 1989 900 1981 903 1941 922 1874 908 1868 908 1865 908 1857 908 1807 915 1781 915 1766 923 1714 942 1700 931 1662 904 1448 920 1445 920 1442 920 1442 922 1433 931 1428 936 1414 931 1391 922 1388 922 1385 922 1383 922 1356 961 1333 967 1311 949 1304 947 1213 959 1162 945 1129 934 1126 934 1123 934 1120 934 1117 934 1098 948 1069 968 575 987 451 987 431 982 386 962 383 962 381 962 378 962 375 962 375 965 352 984 302 993 237 949 220 954 205 948 184 958 154 958 120 969 112 999"/></Shape>
	    <String CONTENT="importance universelle, c&#x27;est le Voisinage de"
                    HPOS="112"
                    VPOS="900"
                    WIDTH="1965"
                    HEIGHT="175"></String>
          </TextLine>
          <TextLine ID="eSc_line_07328ab9"
                    TAGREFS="LT20"
                    BASELINE="127 1103 409 1131" 
                    HPOS="121"
                    VPOS="1026"
                    WIDTH="294"
                    HEIGHT="150">
            <Shape><Polygon POINTS="121 1157 177 1176 180 1176 183 1176 242 1165 279 1157 400 1171 415 1137 406 1089 276 1083 258 1082 220 1070 192 1035 168 1026 129 1041 127 1103"/></Shape>
	    <String CONTENT="Rome."
                    HPOS="121"
                    VPOS="1026"
                    WIDTH="294"
                    HEIGHT="150"
                    WC="0.9998165249824524"></String>
          </TextLine>
          <TextLine ID="eSc_line_41d6297a"
                    TAGREFS="LT20"
                    BASELINE="163 1236 403 1255 776 1258 1786 1216 2077 1215" 
                    HPOS="160"
                    VPOS="1157"
                    WIDTH="1930"
                    HEIGHT="149">
            <Shape><Polygon POINTS="167 1262 231 1286 268 1306 270 1306 273 1306 276 1306 358 1281 366 1281 378 1281 690 1305 714 1287 1177 1272 1352 1266 1366 1281 1368 1281 1371 1281 1371 1278 1391 1261 1422 1278 1425 1278 1428 1278 1558 1253 1591 1264 1594 1264 1597 1264 1600 1264 1603 1264 1603 1261 1617 1247 1801 1240 1882 1226 1928 1228 1950 1236 1979 1228 2019 1232 2037 1232 2085 1230 2090 1219 2078 1198 1992 1157 1981 1188 1962 1197 1940 1206 1948 1165 1611 1162 1608 1162 1606 1162 1560 1185 1476 1168 1473 1168 1470 1168 1467 1168 1419 1198 1326 1199 1281 1174 1278 1174 1275 1174 1273 1174 1270 1174 1162 1205 1142 1169 1050 1165 1047 1165 1044 1165 1041 1165 1038 1165 937 1210 858 1196 855 1196 852 1196 849 1196 821 1213 770 1188 767 1188 764 1188 762 1188 708 1216 604 1207 601 1207 598 1207 558 1222 488 1185 485 1185 482 1185 479 1185 409 1219 324 1179 321 1179 246 1172 160 1182 163 1236"/></Shape>
	    <String CONTENT="Diffusion extraordinaire du monachis¬"
                    HPOS="160"
                    VPOS="1157"
                    WIDTH="1930"
                    HEIGHT="149"></String>
          </TextLine>
          <TextLine ID="eSc_line_a2b3c407"
                    TAGREFS="LT20"
                    BASELINE="151 1304 290 1358 753 1351 2071 1303" 
                    HPOS="130"
                    VPOS="1246"
                    WIDTH="1955"
                    HEIGHT="153">
            <Shape><Polygon POINTS="262 1378 609 1399 612 1399 615 1399 668 1377 683 1368 691 1377 705 1388 708 1388 711 1388 714 1388 716 1388 747 1380 801 1397 804 1397 807 1397 810 1397 894 1374 925 1365 959 1371 987 1377 990 1377 993 1377 996 1377 1002 1371 1021 1357 1117 1357 1140 1371 1174 1385 1177 1385 1179 1385 1182 1385 1219 1368 1258 1351 1343 1363 1346 1363 1459 1346 1515 1349 1532 1365 1541 1371 1541 1374 1543 1374 1546 1374 1549 1374 1605 1381 1658 1334 1702 1326 1724 1324 1761 1357 1764 1357 1766 1357 1769 1360 1769 1357 1772 1357 1775 1357 1806 1334 1933 1329 1972 1331 1987 1360 1989 1360 2010 1370 2065 1351 2085 1319 2081 1246 1987 1249 1918 1246 1877 1284 1832 1288 1763 1295 1753 1285 1750 1280 1737 1280 1728 1280 1708 1278 1684 1271 1648 1272 1623 1272 1569 1272 1507 1255 1504 1255 1448 1286 1430 1298 1424 1293 1403 1293 1366 1287 1329 1298 1327 1302 1307 1306 1303 1297 1288 1299 1253 1289 1208 1264 1205 1264 1202 1264 1199 1264 1196 1264 1193 1264 1193 1267 1157 1295 1013 1295 979 1275 976 1275 973 1275 970 1275 968 1275 965 1275 925 1301 804 1303 782 1302 754 1300 738 1308 728 1318 715 1318 686 1325 627 1311 604 1292 601 1292 536 1309 482 1289 474 1286 471 1286 468 1286 465 1286 460 1289 412 1315 130 1278 142 1318"/></Shape>
	    <String CONTENT="me partout. Les rois en fondent (Stavelot),"
                    HPOS="130"
                    VPOS="1246"
                    WIDTH="1955"
                    HEIGHT="153"></String>
          </TextLine>
          <TextLine ID="eSc_line_b4ddcb27"
                    TAGREFS="LT20"
                    BASELINE="148 1382 220 1407 367 1454 683 1444 1340 1413" 
                    HPOS="131"
                    VPOS="1344"
                    WIDTH="1209"
                    HEIGHT="158">
            <Shape><Polygon POINTS="255 1468 694 1487 697 1487 787 1478 790 1478 793 1478 804 1493 855 1473 858 1473 860 1473 1033 1456 1141 1502 1168 1476 1171 1476 1227 1444 1340 1442 1340 1413 1332 1374 1195 1397 1090 1362 965 1394 869 1377 866 1377 863 1377 828 1411 792 1415 731 1382 708 1380 705 1380 702 1380 700 1380 697 1382 668 1399 513 1399 462 1388 460 1388 457 1388 262 1396 213 1352 150 1344 131 1395"/></Shape>
	    <String CONTENT="les aristocrates, les évêques."
                    HPOS="131"
                    VPOS="1344"
                    WIDTH="1209"
                    HEIGHT="158"></String>
          </TextLine>
          <TextLine ID="eSc_line_74915f04"
                    TAGREFS="LT20"
                    BASELINE="135 1495 331 1555 880 1540 1814 1498 2170 1478 2191 1476" 
                    HPOS="131"
                    VPOS="1397"
                    WIDTH="2061"
                    HEIGHT="216">
            <Shape><Polygon POINTS="131 1513 151 1432 311 1495 409 1509 479 1484 485 1484 604 1501 872 1487 920 1464 925 1464 1039 1495 1141 1506 1192 1489 1245 1465 1297 1446 1368 1461 1483 1481 1775 1447 1868 1405 1877 1402 1879 1402 2040 1397 2049 1397 2173 1422 2186 1427 2192 1485 2190 1507 2153 1515 2108 1512 2102 1512 1930 1504 1908 1504 1806 1538 1800 1538 1659 1524 1467 1540 1425 1559 1258 1566 1210 1546 1004 1557 951 1580 759 1613 584 1571 510 1598 485 1574 249 1579 196 1527"/></Shape>
	    <String CONTENT="Un grand propagateur en Espagne sera S. Fruc¬"
                    HPOS="131"
                    VPOS="1397"
                    WIDTH="2061"
                    HEIGHT="216"></String>
          </TextLine>
          <TextLine ID="eSc_line_7f700448"
                    TAGREFS="LT20"
                    BASELINE="149 1589 378 1653 1685 1622" 
                    HPOS="126"
                    VPOS="1533"
                    WIDTH="1559"
                    HEIGHT="167">
            <Shape><Polygon POINTS="183 1614 215 1632 246 1643 274 1647 306 1659 366 1665 403 1690 406 1690 409 1690 412 1693 474 1693 474 1690 477 1690 479 1690 479 1687 502 1667 570 1690 673 1700 843 1665 897 1684 900 1684 903 1684 1030 1670 1205 1682 1208 1682 1210 1682 1213 1682 1213 1679 1244 1653 1247 1648 1541 1645 1552 1651 1575 1665 1577 1665 1580 1665 1583 1665 1586 1665 1589 1665 1608 1651 1620 1645 1682 1648 1685 1622 1682 1566 1656 1546 1654 1546 1651 1546 1648 1546 1563 1560 1504 1549 1456 1552 1441 1574 1409 1588 1402 1569 1397 1574 1388 1569 1357 1552 1354 1552 1352 1552 1349 1552 1346 1552 1346 1555 1329 1569 1320 1577 1112 1597 1052 1569 1035 1560 1033 1560 1030 1560 1027 1560 1024 1560 1016 1569 976 1600 925 1583 923 1583 920 1583 917 1583 914 1583 914 1586 897 1600 826 1614 769 1623 722 1603 700 1603 621 1609 578 1573 554 1616 493 1651 350 1605 287 1574 285 1574 282 1574 279 1574 276 1574 243 1600 217 1593 209 1566 183 1533 149 1566 126 1595 148 1606"/></Shape>
	    <String CONTENT="tuosus, évêque de Braga + 665."
                    HPOS="126"
                    VPOS="1533"
                    WIDTH="1559"
                    HEIGHT="167"></String>
          </TextLine>
          <TextLine ID="eSc_line_f0b5947c"
                    TAGREFS="LT20"
                    BASELINE="132 1715 259 1746 440 1758 1383 1735" 
                    HPOS="128"
                    VPOS="1659"
                    WIDTH="1249"
                    HEIGHT="179">
            <Shape><Polygon POINTS="321 1778 434 1818 490 1838 523 1798 561 1789 581 1806 581 1809 584 1809 587 1809 589 1811 652 1811 652 1809 654 1809 657 1809 683 1789 756 1803 759 1803 762 1803 894 1763 963 1790 984 1813 1008 1806 1018 1804 1026 1809 1052 1769 1162 1775 1165 1775 1253 1755 1332 1769 1335 1769 1337 1769 1377 1749 1377 1735 1371 1690 1326 1690 1326 1687 1287 1659 1284 1659 1281 1659 1278 1659 1275 1659 1273 1659 1239 1687 1225 1698 1148 1704 1098 1684 1041 1665 1038 1665 1035 1665 1033 1665 1030 1665 1007 1684 982 1707 948 1684 945 1682 942 1682 939 1682 937 1682 934 1682 931 1682 928 1684 894 1707 795 1690 793 1690 790 1690 787 1690 787 1693 767 1713 646 1713 628 1710 609 1709 572 1715 541 1715 508 1725 473 1728 457 1735 431 1736 392 1735 289 1714 263 1678 233 1672 188 1662 132 1676 132 1715 128 1755"/></Shape>
	    <String CONTENT="A Rome Grégoire le Grand."
                    HPOS="128"
                    VPOS="1659"
                    WIDTH="1249"
                    HEIGHT="179"></String>
          </TextLine>
          <TextLine ID="eSc_line_344aebd2"
                    TAGREFS="LT20"
                    BASELINE="140 1806 371 1887 731 1871 2114 1817" 
                    HPOS="125"
                    VPOS="1749"
                    WIDTH="1989"
                    HEIGHT="168">
            <Shape><Polygon POINTS="249 1868 292 1885 308 1897 324 1907 343 1912 375 1909 398 1912 414 1916 417 1916 420 1916 423 1916 451 1902 649 1913 652 1913 987 1879 999 1879 1004 1879 1108 1892 1144 1917 1219 1893 1222 1893 1225 1893 1253 1871 1377 1882 1380 1882 1383 1882 1385 1882 1405 1868 1422 1882 1425 1882 1428 1882 1431 1882 1433 1882 1481 1868 1538 1882 1541 1882 1543 1882 1546 1882 1549 1882 1580 1859 1642 1876 1645 1876 1648 1876 1651 1876 1738 1854 1798 1871 1800 1871 1803 1871 1806 1871 1809 1871 1809 1868 1831 1851 1978 1857 1981 1857 2111 1837 2114 1817 2105 1775 2066 1775 2063 1775 2029 1749 2026 1749 2023 1749 2021 1749 2018 1749 1950 1772 1925 1755 1922 1755 1919 1755 1916 1755 1783 1758 1781 1758 1778 1758 1744 1780 1741 1783 1730 1783 1631 1763 1628 1763 1625 1763 1623 1763 1597 1786 1586 1794 1538 1797 1405 1797 1374 1789 1318 1775 1315 1775 1312 1775 1309 1775 1270 1792 1250 1800 1205 1794 1126 1783 1123 1783 1120 1783 1075 1797 1044 1820 983 1837 984 1821 960 1805 951 1798 939 1803 914 1821 892 1814 871 1822 871 1823 849 1829 821 1820 798 1803 795 1803 793 1803 790 1803 781 1803 705 1823 692 1823 688 1820 644 1824 599 1829 535 1805 495 1853 467 1854 391 1816 172 1771 125 1818 171 1847"/></Shape>
	    <String CONTENT="L&#x27;empreinte surtout forte aux bords de la"
                    HPOS="125"
                    VPOS="1749"
                    WIDTH="1989"
                    HEIGHT="168"></String>
          </TextLine>
          <TextLine ID="eSc_line_64effdd5"
                    TAGREFS="LT20"
                    BASELINE="133 1900 397 1982 869 1972 1597 1941 2187 1933" 
                    HPOS="113"
                    VPOS="1844"
                    WIDTH="2074"
                    HEIGHT="185">
            <Shape><Polygon POINTS="214 1982 477 2020 479 2020 482 2020 485 2020 510 2006 733 2012 736 2012 739 2012 781 1992 810 2012 812 2012 815 2012 818 2012 968 2009 970 2009 973 2009 999 1989 1024 2000 1027 2000 1030 2000 1267 1978 1391 2000 1426 2029 1490 1998 1493 1998 1495 1998 1532 1969 1591 1967 1625 1981 1628 1981 1631 1981 1634 1981 1690 1964 1733 1984 1735 1984 1738 1984 1741 1984 1792 1964 1941 1975 1944 1975 1947 1975 1987 1958 2119 1969 2122 1969 2125 1969 2187 1950 2187 1933 2179 1893 2133 1883 2105 1893 2068 1865 2066 1865 2063 1865 2060 1865 2057 1865 2009 1879 1941 1868 1939 1868 1936 1868 1933 1868 1933 1871 1908 1893 1896 1902 1854 1893 1831 1890 1829 1890 1826 1890 1814 1893 1781 1905 1747 1893 1685 1873 1682 1873 1679 1873 1676 1873 1634 1896 1507 1905 1493 1896 1467 1879 1464 1879 1462 1879 1400 1879 1397 1879 1394 1879 1391 1879 1391 1882 1374 1896 1371 1899 1357 1896 1267 1882 1264 1882 1261 1882 1227 1896 1185 1919 1106 1919 1069 1899 1064 1893 1061 1893 1058 1893 1055 1893 1052 1893 1050 1893 1050 1896 1044 1899 1021 1921 962 1921 928 1899 917 1890 914 1890 911 1890 872 1890 869 1890 866 1890 863 1890 849 1899 671 1926 474 1936 412 1936 395 1928 340 1923 292 1895 231 1866 138 1844 113 1935"/></Shape>
	    <String CONTENT="Méditerranée. Elle semble s&#x27;y associer à l&#x27;é¬"
                    HPOS="113"
                    VPOS="1844"
                    WIDTH="2074"
                    HEIGHT="185"></String>
          </TextLine>
          <TextLine ID="eSc_line_0619a0ad"
                    TAGREFS="LT20"
                    BASELINE="121 2021 339 2086 863 2082 2227 2015" 
                    HPOS="113"
                    VPOS="1955"
                    WIDTH="2114"
                    HEIGHT="198">
            <Shape><Polygon POINTS="2170 1955 2167 1955 2164 1955 2162 1955 2071 1981 2040 1961 2037 1961 2035 1961 2032 1961 1974 1967 1925 1993 1865 1989 1826 1998 1814 1989 1795 1975 1792 1975 1789 1975 1693 1975 1690 1975 1687 1975 1685 1975 1654 1995 1637 2006 1420 2041 1332 2006 1329 2006 1050 2029 1016 2015 1013 2015 1010 2015 1007 2015 942 2034 849 2020 846 2020 843 2020 841 2020 807 2043 709 2027 640 2026 635 2020 632 2020 629 2020 626 2020 623 2020 609 2026 564 2046 513 2029 505 2026 502 2026 499 2026 289 2024 142 1963 113 2033 265 2093 273 2153 335 2116 578 2113 691 2127 725 2130 728 2130 731 2130 733 2130 742 2125 764 2111 787 2122 801 2127 804 2127 807 2127 810 2127 829 2119 846 2113 961 2135 1032 2107 1080 2131 1205 2099 1287 2079 1304 2094 1315 2102 1318 2102 1320 2102 1323 2102 1397 2088 1439 2079 1448 2085 1467 2096 1470 2096 1473 2096 1476 2096 1558 2079 1611 2094 1614 2094 1617 2094 1620 2094 1623 2094 1651 2074 1665 2063 1829 2057 1843 2063 1871 2074 1874 2074 1877 2074 1879 2074 1910 2060 1916 2057 1922 2060 1950 2068 1953 2068 1956 2068 1958 2068 1961 2068 1978 2054 1981 2051 2227 2040 2227 2015 2224 1978"/></Shape>
	    <String CONTENT="vangélisation des payens comme le montrent"
                    HPOS="113"
                    VPOS="1955"
                    WIDTH="2114"
                    HEIGHT="198"></String>
          </TextLine>
          <TextLine ID="eSc_line_8c8fef8d"
                    TAGREFS="LT20"
                    BASELINE="139 2121 339 2193 697 2190 1577 2142 2077 2127" 
                    HPOS="104"
                    VPOS="2055"
                    WIDTH="1973"
                    HEIGHT="214">
            <Shape><Polygon POINTS="341 2229 344 2229 347 2229 350 2229 372 2215 412 2235 414 2235 417 2238 604 2238 604 2235 606 2235 609 2235 635 2212 652 2226 654 2226 657 2226 804 2213 836 2259 860 2269 951 2206 1041 2221 1044 2221 1047 2221 1050 2221 1081 2201 1273 2192 1323 2215 1326 2215 1329 2215 1332 2215 1425 2175 1428 2175 1439 2175 1552 2187 1555 2187 1558 2187 1594 2170 1597 2167 1716 2167 1750 2167 1781 2192 1783 2192 1786 2192 1789 2192 1792 2192 1795 2192 1837 2164 1896 2195 1899 2195 1902 2195 1905 2195 1908 2195 1944 2161 2004 2192 2006 2192 2009 2192 2012 2192 2015 2192 2015 2190 2052 2156 2077 2156 2077 2127 2068 2065 1910 2071 1908 2071 1905 2071 1862 2096 1820 2074 1817 2074 1814 2074 1671 2077 1668 2077 1665 2077 1665 2079 1625 2105 1493 2111 1431 2115 1375 2110 1336 2112 1282 2123 1261 2118 1233 2110 1225 2096 1222 2096 1219 2096 1216 2096 1213 2096 1213 2099 1163 2131 1079 2138 1033 2127 1017 2127 997 2150 983 2147 964 2150 933 2159 863 2122 736 2147 549 2126 451 2136 383 2122 381 2122 378 2122 292 2159 257 2151 262 2128 261 2118 164 2055 104 2135 209 2199"/></Shape>
	    <String CONTENT="les histoires des Aquitains (Amand 647-75)"
                    HPOS="104"
                    VPOS="2055"
                    WIDTH="1973"
                    HEIGHT="214"></String>
          </TextLine>
          <TextLine ID="eSc_line_5ca4c042"
                    TAGREFS="LT20"
                    BASELINE="132 2230 469 2324 2204 2238" 
                    HPOS="111"
                    VPOS="2182"
                    WIDTH="2093"
                    HEIGHT="174">
            <Shape><Polygon POINTS="182 2282 225 2321 598 2356 666 2338 694 2348 697 2348 725 2325 846 2345 849 2345 852 2345 948 2311 1013 2339 1016 2339 1018 2339 1021 2339 1055 2325 1174 2339 1227 2331 1380 2297 1484 2305 1487 2305 1490 2305 1529 2288 1614 2314 1617 2314 1620 2314 1690 2328 1721 2311 1724 2311 1766 2280 1766 2277 1925 2271 1933 2271 2057 2297 2060 2297 2063 2297 2066 2297 2066 2294 2097 2266 2097 2263 2204 2260 2204 2238 2198 2195 2150 2182 2050 2192 2021 2203 1925 2183 1906 2199 1887 2202 1876 2206 1859 2207 1841 2211 1831 2204 1829 2206 1826 2204 1800 2184 1798 2184 1795 2184 1792 2184 1789 2184 1755 2201 1718 2187 1716 2187 1713 2187 1710 2187 1707 2187 1685 2206 1679 2212 1659 2206 1594 2192 1591 2192 1589 2192 1586 2192 1586 2195 1569 2209 1544 2210 1481 2221 1464 2212 1442 2198 1439 2198 1436 2198 1433 2198 1431 2198 1391 2215 1363 2226 1335 2215 1301 2204 1298 2204 1295 2204 1292 2204 1258 2218 1236 2229 1216 2218 1202 2212 1199 2212 1196 2212 1154 2221 1086 2235 1047 2223 1021 2215 1018 2215 1016 2215 1013 2215 987 2223 877 2268 834 2274 810 2251 742 2226 739 2226 736 2226 717 2245 705 2254 525 2260 488 2238 485 2238 482 2238 479 2238 477 2238 474 2238 437 2263 126 2187 111 2256"/></Shape>
	    <String CONTENT="et Remacle (c. 650-670) tout à la fois évangé¬"
                    HPOS="111"
                    VPOS="2182"
                    WIDTH="2093"
                    HEIGHT="174"></String>
          </TextLine>
          <TextLine ID="eSc_line_cb607611"
                    TAGREFS="LT20"
                    BASELINE="143 2348 270 2390 426 2410 1100 2410" 
                    HPOS="122"
                    VPOS="2284"
                    WIDTH="978"
                    HEIGHT="171">
            <Shape><Polygon POINTS="247 2418 304 2432 307 2432 310 2432 460 2449 663 2452 666 2452 668 2452 671 2452 671 2449 685 2438 779 2455 781 2455 784 2455 875 2429 987 2444 990 2444 993 2444 1035 2432 1055 2449 1058 2449 1061 2449 1064 2449 1066 2449 1069 2449 1098 2424 1100 2410 1098 2373 1050 2370 1027 2348 1027 2345 1024 2345 1021 2345 1018 2345 1016 2345 962 2365 936 2343 860 2359 855 2359 852 2359 849 2359 810 2373 711 2350 666 2342 663 2342 660 2342 646 2348 595 2370 460 2370 389 2365 344 2331 338 2325 335 2325 333 2325 330 2325 232 2339 197 2310 179 2284 122 2335 131 2391"/></Shape>
	    <String CONTENT="lisateurs et moines."
                    HPOS="122"
                    VPOS="2284"
                    WIDTH="978"
                    HEIGHT="171"></String>
          </TextLine>
          <TextLine ID="eSc_line_49ba7bd1"
                    TAGREFS="LT20"
                    BASELINE="154 2469 381 2547 2148 2462" 
                    HPOS="124"
                    VPOS="2394"
                    WIDTH="2026"
                    HEIGHT="182">
            <Shape><Polygon POINTS="414 2559 451 2576 454 2576 457 2576 812 2562 815 2562 818 2562 832 2548 875 2559 877 2559 880 2559 883 2559 886 2559 914 2542 1103 2551 1106 2551 1507 2511 1535 2508 1546 2508 1671 2525 1673 2525 1676 2525 1761 2500 1764 2500 1806 2523 1809 2523 1812 2523 1857 2531 1888 2520 1891 2520 1930 2494 1930 2492 2150 2483 2150 2460 2145 2413 1953 2401 1950 2401 1922 2394 1902 2418 1879 2427 1831 2421 1761 2413 1758 2413 1755 2413 1712 2396 1665 2435 1620 2427 1558 2418 1555 2418 1552 2418 1549 2418 1535 2429 1524 2438 1504 2432 1479 2424 1476 2424 1473 2424 1470 2424 1450 2432 1425 2444 1383 2435 1337 2427 1335 2427 1332 2427 1329 2427 1315 2438 1301 2449 1273 2438 1247 2429 1244 2429 1241 2429 1239 2429 1210 2441 1171 2455 1095 2444 1062 2454 1020 2464 989 2470 945 2474 900 2478 759 2458 756 2458 580 2463 496 2463 468 2460 465 2460 437 2466 289 2455 161 2403 124 2483 266 2555"/></Shape>
	    <String CONTENT="Mais elle éclate surtout dans l&#x27;évangélisa¬"
                    HPOS="124"
                    VPOS="2394"
                    WIDTH="2026"
                    HEIGHT="182"></String>
          </TextLine>
          <TextLine ID="eSc_line_68c92819"
                    TAGREFS="LT20"
                    BASELINE="136 2576 471 2649 1123 2619" 
                    HPOS="112"
                    VPOS="2509"
                    WIDTH="1011"
                    HEIGHT="190">
            <Shape><Polygon POINTS="227 2632 369 2655 372 2655 505 2686 508 2686 592 2699 635 2683 745 2650 821 2683 824 2683 827 2683 875 2681 877 2681 880 2681 923 2650 1002 2661 1004 2661 1120 2641 1123 2619 1114 2573 917 2582 866 2573 829 2565 827 2565 781 2573 711 2585 671 2573 657 2568 654 2568 652 2568 649 2568 637 2573 609 2587 378 2587 344 2573 338 2571 335 2571 333 2571 139 2509 112 2583"/></Shape>
	    <String CONTENT="tion des Anglo Saxons."
                    HPOS="112"
                    VPOS="2509"
                    WIDTH="1011"
                    HEIGHT="190"></String>
          </TextLine>
          <TextLine ID="eSc_line_2ab675bc"
                    TAGREFS="LT20"
                    BASELINE="136 2659 254 2721 445 2746 777 2744 2134 2671" 
                    HPOS="109"
                    VPOS="2613"
                    WIDTH="2027"
                    HEIGHT="175">
            <Shape><Polygon POINTS="109 2691 140 2613 180 2615 293 2687 413 2676 534 2702 595 2714 711 2695 821 2700 863 2696 914 2675 952 2679 1022 2665 1065 2653 1132 2653 1191 2663 1226 2671 1304 2664 1377 2635 1408 2635 1625 2647 1745 2625 1801 2685 1795 2708 1813 2722 1821 2708 1823 2673 1879 2632 2132 2627 2136 2716 1936 2712 1800 2731 1798 2731 1716 2714 1538 2738 1483 2769 1312 2734 1095 2762 1092 2762 889 2751 835 2768 829 2768 683 2762 666 2775 649 2779 471 2788 468 2788 383 2771 261 2752"/></Shape>
	    <String CONTENT="La mission conduite par Augustin toucha"
                    HPOS="109"
                    VPOS="2613"
                    WIDTH="2027"
                    HEIGHT="175"></String>
          </TextLine>
          <TextLine ID="eSc_line_42a6e186"
                    TAGREFS="LT20"
                    BASELINE="133 2759 354 2844 976 2816" 
                    HPOS="112"
                    VPOS="2721"
                    WIDTH="899"
                    HEIGHT="149">
            <Shape><Polygon POINTS="725 2870 728 2870 731 2870 779 2853 787 2847 976 2844 1011 2819 983 2758 911 2779 891 2777 878 2777 847 2771 822 2762 805 2760 764 2784 741 2805 720 2791 714 2802 683 2800 661 2789 628 2808 609 2796 592 2791 395 2791 125 2721 112 2812 281 2848"/></Shape>
	    <String CONTENT="le royaume de Kent"
                    HPOS="112"
                    VPOS="2721"
                    WIDTH="899"
                    HEIGHT="149"></String>
          </TextLine>
          <TextLine ID="eSc_line_ce42dd6a"
                    TAGREFS="LT20"
                    BASELINE="426 3033 843 3022 1340 2988 1921 2965" 
                    HPOS="387"
                    VPOS="2906"
                    WIDTH="1554"
                    HEIGHT="170">
            <Shape><Polygon POINTS="397 3014 387 3043 397 3070 419 3067 415 3071 433 3064 440 3066 462 3071 472 3074 498 3076 505 3074 526 3071 558 3071 569 3060 610 3064 613 3055 643 3056 688 3070 691 3070 694 3070 697 3070 773 3050 829 3059 832 3059 835 3059 897 3033 925 3059 925 3062 928 3062 931 3062 934 3062 1024 3059 1027 3059 1066 3045 1140 3053 1143 3053 1145 3053 1148 3053 1160 3032 1199 3030 1230 3025 1265 3025 1311 3018 1379 3019 1419 3016 1448 3014 1487 3014 1527 3036 1529 3036 1532 3036 1535 3036 1538 3036 1541 3036 1583 3008 1589 3008 1707 3033 1710 3033 1713 3033 1716 3033 1758 3002 1814 3031 1817 3031 1820 3031 1823 3031 1916 2997 1919 2994 1931 2989 1930 2973 1933 2944 1941 2925 1923 2906 1883 2922 1860 2917 1841 2920 1814 2918 1798 2922 1782 2929 1761 2937 1724 2915 1721 2915 1718 2915 1716 2915 1713 2915 1648 2943 1582 2916 1518 2927 1468 2936 1451 2943 1435 2939 1388 2949 1348 2936 1327 2939 1308 2940 1274 2935 1214 2944 1177 2926 1136 2946 1102 2950 1075 2949 1052 2957 1018 2940 992 2956 930 2953 896 2975 876 2983 660 2958 637 2959 597 2965 570 2993 544 2998 520 2987 511 2986 496 2977 478 2971 463 2992 442 2993 420 3004"/></Shape>
	    <String CONTENT="Vers Paques 597 (&lt;...&gt;, missions p. 158)"
                    HPOS="387"
                    VPOS="2906"
                    WIDTH="1554"
                    HEIGHT="170"></String>
          </TextLine>
          <TextLine ID="eSc_line_51850aa6"
                    TAGREFS="LT20"
                    BASELINE="148 3077 363 3152 649 3149 1256 3129 2052 3076 2081 3072" 
                    HPOS="114"
                    VPOS="3009"
                    WIDTH="1973"
                    HEIGHT="182">
            <Shape><Polygon POINTS="114 3110 131 3009 326 3094 383 3099 445 3079 448 3079 503 3098 550 3098 623 3073 649 3064 657 3064 692 3087 721 3085 759 3083 787 3090 820 3090 942 3079 1783 3045 1812 3048 1838 3042 1931 3052 1950 3055 1980 3048 2015 3036 2058 3034 2087 3087 2045 3122 1922 3124 1669 3148 1553 3138 1467 3178 1337 3160 767 3191 702 3172 592 3191 342 3179"/></Shape>
	    <String CONTENT="Ainsi c&#x27;est de la Méditerranée que part cette"
                    HPOS="114"
                    VPOS="3009"
                    WIDTH="1973"
                    HEIGHT="182"></String>
          </TextLine>
          <TextLine ID="eSc_line_b2ccab86"
                    TAGREFS="LT20"
                    BASELINE="127 3170 438 3264 694 3251 2077 3191" 
                    HPOS="127"
                    VPOS="3132"
                    WIDTH="1950"
                    HEIGHT="175">
            <Shape><Polygon POINTS="2070 3138 1967 3163 1905 3132 1902 3132 1899 3132 1896 3132 1893 3132 1848 3166 1738 3168 1649 3157 1616 3156 1594 3161 1585 3161 1580 3163 1568 3168 1541 3175 1395 3195 1357 3163 1354 3163 1352 3163 1318 3186 1262 3174 1238 3176 1185 3181 1179 3185 1137 3194 1051 3191 979 3183 914 3197 849 3206 822 3202 798 3193 772 3198 737 3202 716 3203 686 3196 650 3196 612 3198 557 3202 486 3195 341 3195 133 3140 127 3199 158 3238 347 3270 525 3299 527 3299 530 3299 581 3273 626 3302 629 3302 632 3302 651 3307 722 3282 903 3290 906 3290 1002 3270 1174 3282 1177 3282 1179 3282 1295 3242 1335 3270 1337 3270 1340 3270 1343 3270 1487 3239 1535 3268 1538 3268 1541 3268 1543 3270 1569 3261 1598 3289 1626 3279 1662 3257 1786 3254 1789 3254 1792 3254 1795 3254 1795 3251 1809 3237 2018 3234 2021 3234 2077 3208 2077 3191"/></Shape>
	    <String CONTENT="extension septentrionale de l&#x27;Eglise dont"
                    HPOS="127"
                    VPOS="3132"
                    WIDTH="1950"
                    HEIGHT="175"></String>
          </TextLine>
          <TextLine ID="eSc_line_bdba7f0f"
                    TAGREFS="LT20"
                    BASELINE="118 3275 441 3362 666 3349 1349 3330 2108 3324" 
                    HPOS="113"
                    VPOS="3232"
                    WIDTH="1995"
                    HEIGHT="172">
            <Shape><Polygon POINTS="425 3404 462 3392 702 3386 705 3386 708 3386 733 3366 736 3366 745 3366 866 3378 869 3378 872 3378 875 3378 889 3364 894 3361 1016 3364 1298 3372 1301 3372 1388 3361 1431 3355 1467 3361 1538 3386 1569 3375 1572 3375 1575 3375 1597 3358 1603 3355 1620 3358 1704 3375 1707 3375 1710 3375 1761 3358 1783 3349 1817 3355 1865 3366 1868 3366 1871 3366 1905 3355 1936 3347 2102 3352 2108 3324 2102 3270 1910 3259 1908 3259 1905 3259 1874 3270 1829 3287 1755 3270 1707 3262 1704 3262 1702 3262 1673 3273 1611 3304 1546 3299 1515 3265 1512 3265 1510 3265 1490 3273 1459 3290 1354 3276 1298 3268 1295 3268 1292 3268 1267 3276 1202 3296 1162 3276 1148 3270 1145 3270 1143 3270 1140 3270 1120 3276 1034 3288 877 3302 815 3279 807 3276 804 3276 801 3276 798 3276 795 3276 795 3279 793 3279 687 3322 482 3307 443 3282 440 3282 437 3282 434 3282 431 3282 429 3282 395 3304 113 3232 117 3293 205 3344"/></Shape>
	    <String CONTENT="les conséquences devaient être si profondes. Et"
                    HPOS="113"
                    VPOS="3232"
                    WIDTH="1995"
                    HEIGHT="172"></String>
          </TextLine>
          <TextLine ID="eSc_line_4708352c"
                    TAGREFS="LT20"
                    BASELINE="124 3370 390 3454 804 3448 2047 3414" 
                    HPOS="115"
                    VPOS="3316"
                    WIDTH="1934"
                    HEIGHT="198">
            <Shape><Polygon POINTS="171 3426 382 3480 429 3493 431 3493 434 3493 437 3493 522 3485 544 3502 547 3502 550 3502 581 3511 685 3479 731 3491 733 3491 736 3491 739 3491 742 3491 764 3474 975 3479 1041 3514 1227 3468 1419 3476 1422 3476 1425 3476 1464 3457 1532 3474 1535 3474 1538 3474 1702 3445 1707 3445 1713 3445 1834 3476 1837 3476 1840 3476 1855 3481 1896 3445 1916 3460 1919 3460 1922 3460 1925 3460 2049 3437 2049 3412 2037 3358 1981 3363 1882 3361 1879 3361 1877 3361 1874 3361 1871 3361 1848 3375 1747 3385 1702 3385 1646 3391 1617 3383 1542 3395 1496 3394 1477 3392 1304 3392 1098 3378 1095 3378 908 3400 739 3386 736 3386 733 3386 731 3386 705 3403 680 3386 677 3386 674 3386 671 3386 668 3386 666 3386 637 3406 558 3401 483 3405 432 3422 268 3379 143 3316 115 3379"/></Shape>
	    <String CONTENT="elle s&#x27;accomplit avec des hommes tout à fait"
                    HPOS="115"
                    VPOS="3316"
                    WIDTH="1934"
                    HEIGHT="198"></String>
          </TextLine>
          <TextLine ID="eSc_line_507f89c4"
                    TAGREFS="LT20"
                    BASELINE="115 3463 460 3565 2077 3519" 
                    HPOS="107"
                    VPOS="3417"
                    WIDTH="1970"
                    HEIGHT="192">
            <Shape><Polygon POINTS="285 3570 412 3589 414 3589 533 3587 536 3587 539 3587 539 3584 562 3586 746 3609 773 3584 1058 3564 1241 3575 1244 3575 1374 3556 1411 3570 1414 3570 1416 3570 1631 3556 1724 3567 1727 3567 1730 3567 1806 3544 2077 3539 2077 3519 2074 3485 2040 3468 2037 3468 2035 3468 1976 3469 1899 3471 1839 3491 1769 3471 1766 3471 1764 3471 1744 3488 1741 3491 1473 3491 1464 3488 1428 3476 1425 3476 1422 3476 1312 3491 1258 3496 1216 3491 1151 3482 1148 3482 1145 3482 1079 3521 1018 3532 1001 3514 976 3485 973 3485 872 3493 742 3505 671 3496 635 3491 632 3491 629 3491 626 3491 591 3535 569 3524 547 3496 530 3493 527 3493 417 3496 414 3496 412 3496 412 3499 397 3510 120 3417 107 3494"/></Shape>
	    <String CONTENT="romanisés. Augustin est un homme d&#x27;une"
                    HPOS="107"
                    VPOS="3417"
                    WIDTH="1970"
                    HEIGHT="192"></String>
          </TextLine>
          <TextLine ID="eSc_line_0919dfe6"
                    TAGREFS="LT20"
                    BASELINE="113 3574 409 3660 914 3646 2114 3615" 
                    HPOS="103"
                    VPOS="3525"
                    WIDTH="2011"
                    HEIGHT="176">
            <Shape><Polygon POINTS="292 3662 375 3674 378 3674 448 3697 451 3697 454 3697 457 3697 522 3671 525 3671 561 3691 564 3691 567 3691 987 3668 1109 3688 1112 3688 1381 3701 1507 3660 1606 3680 1608 3680 1611 3680 1614 3680 1634 3663 1690 3674 1693 3674 1696 3674 1744 3651 1744 3649 2111 3643 2114 3615 2108 3578 2026 3558 2023 3558 2021 3558 1953 3578 1950 3578 1933 3561 1930 3561 1927 3561 1925 3561 1922 3561 1919 3561 1896 3578 1888 3584 1761 3584 1730 3578 1656 3564 1654 3564 1651 3564 1620 3578 1597 3589 1397 3581 1385 3581 1383 3581 1366 3581 982 3598 948 3581 937 3578 934 3578 931 3578 897 3584 771 3614 677 3619 589 3595 551 3598 494 3602 417 3601 120 3525 103 3609"/></Shape>
	    <String CONTENT="grande culture et son compagnon plus encore"
                    HPOS="103"
                    VPOS="3525"
                    WIDTH="2011"
                    HEIGHT="176"></String>
          </TextLine>
          <TextLine ID="eSc_line_c87ca57a"
                    TAGREFS="LT20"
                    BASELINE="118 3682 467 3772" 
                    HPOS="110"
                    VPOS="3643"
                    WIDTH="371"
                    HEIGHT="153">
            <Shape><Polygon POINTS="110 3742 203 3739 273 3753 392 3776 395 3776 471 3796 481 3743 469 3701 293 3666 290 3666 273 3668 237 3677 222 3660 220 3660 220 3657 217 3657 214 3657 115 3643 112 3708"/></Shape>
	    <String CONTENT="que lui."
                    HPOS="110"
                    VPOS="3643"
                    WIDTH="371"
                    HEIGHT="153"></String>
          </TextLine>
          <TextLine ID="eSc_line_60fb05ec"
                    TAGREFS="LT20"
                    BASELINE="124 3793 276 3843 338 3849 815 3855 2100 3815 2213 3806" 
                    HPOS="124"
                    VPOS="3738"
                    WIDTH="2091"
                    HEIGHT="165">
            <Shape><Polygon POINTS="2150 3852 2142 3852 2068 3835 1871 3860 1725 3886 1363 3863 999 3889 996 3889 835 3877 553 3903 550 3903 318 3872 134 3841 124 3793 157 3738 279 3776 282 3776 386 3798 437 3803 464 3796 539 3810 663 3790 668 3790 941 3762 1360 3787 1456 3756 1462 3756 1600 3776 1685 3753 1693 3753 1738 3770 1978 3767 2043 3742 2049 3742 2209 3752 2215 3827"/></Shape>
	    <String CONTENT="Ainsi donc l mediterranée est le foyer du chris¬"
                    HPOS="124"
                    VPOS="3738"
                    WIDTH="2091"
                    HEIGHT="165"></String>
          </TextLine>
          <TextLine ID="eSc_line_c739aa13"
                    TAGREFS="LT20"
                    BASELINE="128 3895 383 3973 838 3976 2094 3934" 
                    HPOS="118"
                    VPOS="3848"
                    WIDTH="1976"
                    HEIGHT="170">
            <Shape><Polygon POINTS="401 4007 779 4016 911 4007 914 4007 917 4007 942 3990 982 4007 985 4007 1082 4018 1182 4001 1185 4001 1188 4001 1208 3987 1267 4001 1270 4001 1273 4001 1275 4001 1332 3987 1473 3996 1476 3996 1479 3996 1563 3973 1617 3987 1620 3987 1623 3987 1625 3987 1628 3987 1651 3970 1730 3984 1733 3984 1735 3984 1789 3968 1908 3982 1910 3982 2094 3953 2094 3934 2091 3889 2063 3872 2060 3872 2057 3872 2054 3872 1927 3889 1885 3874 1882 3874 1879 3874 1783 3897 1755 3903 1735 3897 1685 3880 1682 3880 1679 3880 1591 3900 1543 3911 1078 3922 1033 3908 1010 3900 1007 3900 1004 3900 1002 3900 985 3908 954 3925 903 3908 880 3903 877 3903 875 3903 872 3903 869 3903 860 3908 838 3931 674 3934 592 3914 581 3911 578 3911 575 3911 572 3911 561 3914 471 3939 412 3917 409 3917 406 3917 163 3848 118 3903 243 3955"/></Shape>
	    <String CONTENT="tianisme vivant. Les preuves en abondent :"
                    HPOS="118"
                    VPOS="3848"
                    WIDTH="1976"
                    HEIGHT="170"></String>
          </TextLine>
          <TextLine ID="eSc_line_91c50fa7"
                    TAGREFS="LT20"
                    BASELINE="119 4003 428 4108 1165 4086 2107 4054" 
                    HPOS="115"
                    VPOS="3932"
                    WIDTH="1985"
                    HEIGHT="217">
            <Shape><Polygon POINTS="362 4113 643 4140 646 4140 1041 4106 1052 4106 1061 4106 1270 4128 1273 4128 1391 4126 1394 4126 1397 4126 1422 4109 1456 4126 1459 4126 1462 4126 1464 4126 1510 4100 1676 4097 1721 4120 1724 4120 1727 4123 1781 4149 1820 4120 1823 4120 1826 4120 1860 4117 1887 4100 2097 4086 2100 4058 2094 4016 1944 4001 1941 4001 1939 4001 1936 4001 1919 4016 1902 4027 1809 4016 1750 4010 1747 4010 1710 4016 1648 4030 1589 4018 1538 4007 1535 4007 1532 4007 1529 4007 1518 4018 1501 4032 1431 4035 1411 4021 1408 4021 1405 4021 1402 4021 1400 4021 1332 4038 1309 4021 1309 4018 1306 4018 1304 4018 1301 4018 1298 4018 1295 4018 1295 4021 1273 4041 1162 4041 891 4021 829 4018 827 4018 824 4018 821 4018 821 4021 818 4021 804 4041 725 4047 660 4024 652 4021 649 4021 646 4021 643 4021 637 4024 552 4021 499 4030 496 4030 493 4030 491 4030 460 4052 138 3932 115 4021"/></Shape>
	    <String CONTENT="Nicetius évêque d Trèves est de Limoges, et on"
                    HPOS="115"
                    VPOS="3932"
                    WIDTH="1985"
                    HEIGHT="217"></String>
          </TextLine>
          <TextLine ID="eSc_line_995f1c84"
                    TAGREFS="LT20"
                    BASELINE="128 4110 313 4186 614 4213 1766 4179" 
                    HPOS="121"
                    VPOS="4065"
                    WIDTH="1645"
                    HEIGHT="225">
            <Shape><Polygon POINTS="409 4222 601 4258 604 4258 606 4258 609 4258 646 4236 783 4274 865 4290 906 4269 976 4233 996 4250 999 4250 1002 4250 1004 4250 1126 4236 1193 4247 1196 4247 1199 4247 1287 4213 1352 4241 1354 4241 1357 4241 1360 4241 1363 4241 1400 4216 1436 4241 1439 4241 1442 4241 1445 4241 1448 4241 1450 4241 1450 4238 1464 4227 1481 4238 1484 4238 1487 4238 1490 4238 1493 4238 1555 4213 1597 4230 1600 4230 1603 4230 1766 4196 1766 4179 1758 4143 1679 4143 1673 4140 1611 4114 1608 4114 1572 4114 1569 4114 1566 4114 1563 4114 1529 4140 1518 4148 1501 4140 1462 4123 1459 4123 1456 4123 1453 4123 1450 4123 1428 4140 1363 4120 1360 4120 1357 4120 1354 4120 1352 4120 1320 4140 1312 4145 1289 4140 1222 4120 1219 4120 1216 4120 1213 4120 1210 4120 1185 4128 1169 4134 1143 4140 1126 4134 1123 4134 1120 4134 1117 4134 1109 4140 1078 4157 863 4162 708 4162 668 4166 611 4178 583 4164 553 4162 533 4145 530 4145 527 4145 525 4145 522 4145 488 4136 472 4151 451 4137 451 4134 448 4134 445 4134 365 4136 343 4160 277 4127 141 4065 121 4135 207 4202"/></Shape>
	    <String CONTENT="en peut citer une quantité d&#x27;autres."
                    HPOS="121"
                    VPOS="4065"
                    WIDTH="1645"
                    HEIGHT="225"></String>
          </TextLine>
          <TextLine ID="eSc_line_283b4dcd"
                    TAGREFS="LT20"
                    BASELINE="134 4260 390 4352 859 4373 2125 4286" 
                    HPOS="131"
                    VPOS="4194"
                    WIDTH="1994"
                    HEIGHT="205">
            <Shape><Polygon POINTS="295 4370 575 4380 578 4380 722 4399 725 4399 945 4391 948 4391 951 4391 965 4377 1007 4388 1010 4388 1013 4388 1137 4371 1360 4374 1363 4374 1366 4374 1385 4394 1419 4371 1422 4371 1425 4371 1428 4371 1501 4351 1704 4360 1707 4360 1823 4334 2035 4340 2037 4340 2040 4340 2125 4312 2125 4286 2116 4253 2043 4236 2018 4253 2004 4241 2001 4241 1998 4241 1995 4241 1992 4241 1941 4255 1922 4261 1908 4258 1848 4236 1846 4236 1843 4236 1840 4236 1795 4261 1792 4261 1786 4261 1744 4250 1741 4250 1738 4250 1735 4250 1713 4261 1690 4275 1566 4278 1527 4267 1473 4253 1470 4253 1467 4253 1464 4253 1462 4253 1442 4270 1425 4286 1360 4286 1337 4272 1326 4264 1323 4264 1320 4264 1318 4264 1315 4264 1312 4264 1312 4267 1304 4272 1287 4292 1151 4295 1131 4278 1129 4278 1129 4275 1126 4275 1123 4275 1120 4275 1117 4275 1109 4278 1095 4286 1069 4281 1033 4270 1030 4270 1027 4270 1024 4270 1021 4270 1021 4272 1010 4281 993 4301 962 4284 951 4278 948 4278 945 4278 942 4278 939 4278 939 4281 934 4284 911 4306 807 4312 753 4312 725 4289 722 4286 719 4286 716 4286 714 4286 711 4286 708 4286 708 4289 705 4289 685 4309 657 4292 652 4286 649 4286 646 4286 397 4290 159 4194 131 4272"/></Shape>
	    <String CONTENT="Au point de vue litteraire, il en est d même."
                    HPOS="131"
                    VPOS="4194"
                    WIDTH="1994"
                    HEIGHT="205"></String>
          </TextLine>
          <TextLine ID="eSc_line_fa4e433e"
                    TAGREFS="LT20"
                    BASELINE="125 4357 439 4497 1060 4487 2046 4419" 
                    HPOS="91"
                    VPOS="4300"
                    WIDTH="1955"
                    HEIGHT="247">
            <Shape><Polygon POINTS="323 4492 547 4521 550 4521 553 4521 598 4507 620 4521 623 4521 626 4521 629 4521 632 4521 680 4504 716 4535 719 4535 722 4535 725 4535 728 4535 784 4521 925 4529 968 4519 1066 4547 1151 4521 1244 4498 1294 4525 1318 4515 1320 4515 1323 4515 1326 4515 1368 4487 1456 4495 1459 4495 1462 4495 1464 4495 1484 4478 1606 4498 1608 4498 1727 4473 1775 4498 1778 4498 1781 4498 1783 4498 1891 4459 1896 4459 1902 4459 1992 4473 1995 4473 1998 4473 2046 4453 2046 4419 2040 4382 1716 4374 1713 4374 1710 4374 1707 4374 1690 4391 1673 4405 1620 4391 1617 4391 1614 4391 1611 4391 1600 4391 1459 4419 1239 4422 1205 4402 1202 4402 1199 4402 1196 4402 1193 4402 1191 4402 1154 4430 852 4439 753 4413 745 4411 742 4411 739 4411 736 4411 731 4413 694 4430 680 4416 680 4413 677 4413 674 4413 671 4413 668 4413 663 4413 615 4433 558 4416 553 4416 550 4416 547 4416 544 4416 536 4419 468 4439 445 4422 443 4422 440 4422 291 4378 155 4300 91 4361"/></Shape>
	    <String CONTENT="Sans doute l&#x27;homme qui exercera la plus"
                    HPOS="91"
                    VPOS="4300"
                    WIDTH="1955"
                    HEIGHT="247"></String>
          </TextLine>
          <TextLine ID="eSc_line_9b38ac49"
                    TAGREFS="LT20"
                    BASELINE="119 4480 468 4604 1069 4591 2080 4560" 
                    HPOS="104"
                    VPOS="4424"
                    WIDTH="1976"
                    HEIGHT="224">
            <Shape><Polygon POINTS="301 4578 423 4625 462 4648 465 4648 468 4648 471 4648 474 4648 477 4648 516 4625 1081 4634 1083 4634 1394 4625 1493 4605 1507 4603 1512 4605 1541 4617 1543 4617 1546 4617 1608 4603 1639 4597 1668 4603 1741 4617 1744 4619 1817 4619 1817 4617 1820 4617 1823 4617 1848 4600 1862 4591 2077 4594 2080 4560 2077 4526 2009 4501 2006 4501 2004 4501 1860 4521 1733 4504 1730 4504 1727 4504 1724 4504 1724 4507 1702 4529 1699 4532 1583 4532 1580 4529 1560 4512 1560 4509 1558 4509 1555 4509 1552 4509 1549 4509 1493 4529 1467 4538 1439 4529 1385 4515 1383 4515 1380 4515 1377 4515 1374 4515 1354 4529 1343 4538 1225 4543 1160 4542 1140 4549 1103 4550 1071 4555 1032 4556 1015 4545 999 4526 996 4526 993 4526 990 4526 987 4526 987 4529 982 4532 968 4552 900 4552 869 4532 855 4524 852 4524 849 4524 846 4524 843 4524 841 4524 841 4526 832 4532 821 4549 719 4557 572 4557 553 4535 550 4535 550 4532 547 4532 544 4532 477 4532 474 4532 471 4532 468 4532 439 4514 380 4527 134 4424 104 4515"/></Shape>
	    <String CONTENT="grande influence sur l&#x27;avenir est un Romain,"
                    HPOS="104"
                    VPOS="4424"
                    WIDTH="1976"
                    HEIGHT="224"></String>
          </TextLine>
          <TextLine ID="eSc_line_1f73d32b"
                    TAGREFS="LT20"
                    BASELINE="144 4620 424 4707 863 4713" 
                    HPOS="119"
                    VPOS="4545"
                    WIDTH="744"
                    HEIGHT="245">
            <Shape><Polygon POINTS="230 4705 352 4724 355 4724 358 4724 361 4724 412 4710 457 4755 457 4758 460 4758 462 4758 533 4790 606 4748 861 4746 863 4713 860 4676 835 4676 827 4670 793 4642 790 4642 787 4642 731 4639 728 4639 725 4639 722 4639 697 4659 677 4670 589 4665 578 4648 575 4648 575 4645 572 4645 570 4645 567 4645 564 4645 551 4664 531 4671 510 4669 485 4655 449 4667 442 4660 419 4660 412 4654 409 4648 386 4638 366 4632 333 4616 291 4585 155 4545 119 4682 179 4669"/></Shape>
	    <String CONTENT="Grégoire le Grand."
                    HPOS="119"
                    VPOS="4545"
                    WIDTH="744"
                    HEIGHT="245"></String>
          </TextLine>
          <TextLine ID="eSc_line_fa0d5165"
                    TAGREFS="LT20"
                    BASELINE="146 4731 157 4735 447 4844 1052 4823 2215 4780" 
                    HPOS="135"
                    VPOS="4675"
                    WIDTH="2080"
                    HEIGHT="201">
            <Shape><Polygon POINTS="192 4804 235 4807 246 4813 282 4815 326 4824 370 4844 443 4857 448 4859 477 4876 479 4876 482 4876 485 4876 488 4876 525 4857 530 4854 587 4857 815 4868 818 4868 894 4854 1222 4857 1225 4857 1227 4857 1284 4840 1298 4837 1312 4840 1371 4851 1374 4851 1501 4834 1518 4834 1552 4834 1826 4840 1829 4840 1831 4840 1882 4826 1930 4814 2210 4817 2215 4780 2210 4741 2026 4730 2023 4730 2021 4730 1973 4746 1953 4752 1922 4746 1823 4730 1820 4730 1724 4732 1721 4732 1718 4732 1718 4735 1696 4752 1687 4761 1654 4755 1558 4738 1555 4738 1552 4738 1549 4738 1502 4741 1499 4765 1450 4761 1323 4744 1320 4744 1318 4744 1247 4766 1216 4775 1050 4772 948 4769 945 4769 942 4769 939 4769 934 4775 914 4786 742 4786 718 4757 623 4763 620 4763 618 4763 576 4791 543 4797 524 4796 503 4795 495 4801 484 4802 472 4802 474 4794 460 4786 426 4772 423 4772 338 4772 335 4772 333 4772 330 4772 330 4775 328 4750 302 4753 273 4742 216 4722 200 4697 168 4675 135 4784 175 4793"/></Shape>
	    <String CONTENT="C est un patricien comme Cassiodore Il commence"
                    HPOS="135"
                    VPOS="4675"
                    WIDTH="2080"
                    HEIGHT="201"></String>
          </TextLine>
          <TextLine ID="eSc_line_9348e926"
                    TAGREFS="LT20"
                    BASELINE="143 4839 152 4841 513 4930 917 4932 2160 4900" 
                    HPOS="132"
                    VPOS="4806"
                    WIDTH="2027"
                    HEIGHT="166">
            <Shape><Polygon POINTS="426 4961 764 4972 787 4958 987 4967 990 4967 993 4967 1013 4953 1021 4947 1035 4953 1069 4964 1072 4964 1075 4964 1078 4964 1081 4964 1098 4953 1100 4947 1106 4953 1117 4961 1120 4961 1123 4961 1126 4961 1129 4961 1168 4950 1193 4944 1208 4950 1236 4952 1283 4945 1364 4943 1738 4949 1783 4941 1854 4927 2153 4933 2159 4896 2153 4851 2054 4831 2052 4831 2049 4831 2004 4851 1978 4831 1975 4831 1973 4831 1970 4831 1902 4850 1875 4846 1865 4857 1840 4868 1808 4869 1779 4864 1757 4851 1738 4854 1716 4857 1690 4865 1671 4857 1628 4840 1625 4840 1623 4840 1620 4840 1617 4840 1594 4859 1583 4868 1490 4873 1422 4873 1405 4862 1383 4845 1380 4845 1377 4845 1374 4845 1371 4845 1301 4865 1250 4876 1162 4865 1078 4857 1075 4857 1072 4857 1047 4868 1013 4882 942 4871 883 4859 880 4859 813 4875 798 4862 795 4862 795 4865 787 4873 770 4890 646 4890 620 4873 609 4865 606 4865 604 4865 601 4865 598 4865 544 4876 522 4893 492 4889 449 4881 428 4877 332 4837 279 4824 148 4806 132 4866"/></Shape>
	    <String CONTENT="par être prêteur. Mais l ascétisme lui fait vendre"
                    HPOS="132"
                    VPOS="4806"
                    WIDTH="2027"
                    HEIGHT="166"></String>
          </TextLine>
          <TextLine ID="eSc_line_8a93f2b7"
                    TAGREFS="LT20"
                    BASELINE="145 4944 520 5046 2148 5000" 
                    HPOS="140"
                    VPOS="4878"
                    WIDTH="2008"
                    HEIGHT="200">
            <Shape><Polygon POINTS="383 5051 505 5071 508 5071 510 5071 550 5051 559 5050 708 5068 836 5078 968 5065 970 5065 1016 5048 1103 5063 1106 5063 1109 5063 1138 5067 1154 5071 1192 5051 1241 5060 1244 5060 1317 5073 1363 5046 1385 5043 1405 5046 1490 5057 1493 5057 1495 5057 1498 5057 1518 5043 1529 5037 1577 5043 1665 5054 1668 5054 1761 5051 1764 5051 1766 5051 1778 5043 1792 5032 2142 5037 2148 5000 2125 4933 1939 4964 1874 4964 1840 4938 1837 4938 1834 4938 1831 4938 1829 4938 1826 4938 1798 4958 1773 4963 1753 4963 1735 4971 1714 4973 1696 4964 1645 4965 1618 4960 1607 4963 1577 4961 1540 4960 1524 4955 1499 4969 1495 4973 1476 4969 1388 4968 1363 4947 1363 4944 1360 4944 1357 4944 1354 4944 1352 4944 1349 4944 1323 4967 1278 4947 1275 4947 1273 4947 1267 4947 1191 4961 1168 4950 1168 4947 1165 4947 1162 4947 1160 4947 1100 4950 1098 4950 1095 4950 1095 4953 1072 4972 1041 4970 1015 4973 999 4973 982 4978 964 4983 959 4978 875 4987 827 4980 808 4973 796 4976 776 4975 753 4976 745 4976 448 4974 149 4878 140 4984"/></Shape>
	    <String CONTENT="ses biens et avec le produit, il fonde sept couvents."
                    HPOS="140"
                    VPOS="4878"
                    WIDTH="2008"
                    HEIGHT="200"></String>
          </TextLine>
        </TextBlock>
        <TextBlock HPOS="2164"
                   VPOS="74"
                   WIDTH="627"
                   HEIGHT="202"
                   ID="eSc_textblock_3097138e"
                   TAGREFS="BT33">
          <Shape><Polygon POINTS="2164 74 2164 276 2791 276 2791 74"/></Shape>
          <TextLine ID="eSc_line_2c174de4"
                    TAGREFS="LT20"
                    BASELINE="2145 135 2800 144" 
                    HPOS="2142"
                    VPOS="59"
                    WIDTH="659"
                    HEIGHT="144">
            <Shape><Polygon POINTS="2791 143 2785 189 2594 174 2562 191 2557 197 2543 197 2537 191 2517 183 2506 191 2500 197 2500 200 2495 200 2495 203 2373 203 2371 200 2365 200 2356 194 2314 169 2272 169 2229 194 2227 197 2218 197 2142 194 2145 135 2145 84 2258 59 2266 59 2300 87 2387 70 2396 70 2396 73 2418 90 2418 93 2461 93 2461 90 2486 67 2486 64 2492 64 2537 62 2543 62 2622 93 2625 93 2723 64 2732 64 2801 65 2800 144"/></Shape>
	    <String CONTENT="Schubert, p.62."
                    HPOS="2142"
                    VPOS="59"
                    WIDTH="659"
                    HEIGHT="144"></String>
          </TextLine>
        </TextBlock>
        <TextBlock HPOS="2090"
                   VPOS="691"
                   WIDTH="1955"
                   HEIGHT="3810"
                   ID="eSc_textblock_7d9456ca"
                   TAGREFS="BT33">
          <Shape><Polygon POINTS="2463 801 2164 1346 2220 1550 2233 1898 2310 2087 2181 2632 2090 3004 2118 3141 2237 3797 2391 4264 2209 4343 2203 4501 4045 4501 4045 691"/></Shape>
          <TextLine ID="eSc_line_1963f4a6"
                    TAGREFS="LT20"
                    BASELINE="2424 911 3539 815 3731 787 4025 773" 
                    HPOS="2421"
                    VPOS="699"
                    WIDTH="1617"
                    HEIGHT="252">
            <Shape><Polygon POINTS="4003 702 3989 711 3957 699 3934 699 3906 699 3886 699 3855 708 3711 708 3708 708 3706 708 3703 708 3658 739 3618 719 3615 719 3612 719 3505 725 3502 725 3500 725 3466 750 3384 747 3381 747 3378 747 3375 747 3347 773 3336 784 3237 787 3226 781 3198 767 3195 767 3192 767 3189 767 3186 767 3158 787 3135 801 2958 812 2927 804 2890 793 2887 793 2884 793 2881 793 2879 793 2879 795 2864 809 2853 818 2839 809 2828 801 2825 801 2822 801 2819 801 2816 801 2814 801 2800 812 2774 832 2647 841 2608 826 2551 807 2548 807 2546 807 2483 812 2481 812 2478 812 2478 815 2455 838 2441 852 2421 841 2424 911 2427 948 2498 934 2512 942 2520 951 2523 951 2526 951 2529 951 2531 951 2554 939 2579 925 2616 931 2619 931 2622 931 2625 931 2625 928 2627 928 2639 911 2673 928 2709 942 2712 942 2715 942 2859 931 2862 931 2864 931 2910 903 2921 897 2946 900 2980 905 2983 905 2986 905 2989 905 2989 903 2997 894 3008 886 3028 891 3048 897 3051 897 3054 897 3056 897 3076 889 3087 883 3093 886 3135 905 3138 905 3141 905 3144 905 3147 905 3147 903 3166 883 3268 889 3271 889 3274 889 3319 863 3339 855 3406 855 3409 855 3446 880 3449 880 3452 880 3454 880 3553 872 3556 872 3635 832 3658 821 3822 853 3869 809 3903 835 3906 835 3909 835 3912 835 3914 835 3917 835 3917 832 3940 809 4025 793 4038 768 4035 726 4028 704"/></Shape>
	    <String CONTENT="Pr le n. des monast au VIIe Hauck I, 276."
                    HPOS="2421"
                    VPOS="699"
                    WIDTH="1617"
                    HEIGHT="252"></String>
          </TextLine>
          <TextLine ID="eSc_line_8789792e"
                    TAGREFS="LT22"
                    BASELINE="3313 1028 3511 1024" 
                    HPOS="3304"
                    VPOS="934"
                    WIDTH="207"
                    HEIGHT="125">
            <Shape><Polygon POINTS="3304 1059 3508 1044 3511 1024 3502 939 3406 934 3404 934 3347 958 3306 1013"/></Shape>
	    <String CONTENT="+615."
                    HPOS="3304"
                    VPOS="934"
                    WIDTH="207"
                    HEIGHT="125"></String>
          </TextLine>
          <TextLine ID="eSc_line_38f493ff"
                    TAGREFS="LT20"
                    BASELINE="2328 1230 3356 1182 3689 1143 3889 1131" 
                    HPOS="2328"
                    VPOS="1069"
                    WIDTH="1561"
                    HEIGHT="203">
            <Shape><Polygon POINTS="2328 1250 2373 1272 2376 1272 2407 1258 2695 1236 2777 1244 2780 1244 2783 1244 2785 1244 2805 1227 2887 1236 2890 1236 2893 1236 2896 1236 2896 1233 2912 1219 3031 1230 3034 1230 3037 1230 3085 1207 3194 1241 3277 1254 3353 1236 3402 1223 3528 1213 3531 1213 3593 1179 3598 1176 3883 1153 3889 1131 3883 1103 3773 1097 3748 1078 3745 1078 3742 1078 3739 1078 3737 1078 3734 1078 3708 1097 3658 1097 3581 1069 3579 1069 3576 1069 3573 1069 3528 1089 3456 1110 3387 1198 3364 1213 3367 1151 3223 1123 3200 1143 2907 1143 2904 1143 2723 1165 2689 1140 2689 1137 2687 1137 2684 1137 2681 1137 2678 1137 2675 1137 2675 1140 2630 1171 2568 1174 2506 1145 2472 1128 2469 1128 2466 1128 2356 1159 2328 1230"/></Shape>
	    <String CONTENT="Colomban arrive en 590. (Cf. Moreau,"
                    HPOS="2328"
                    VPOS="1069"
                    WIDTH="1561"
                    HEIGHT="203"></String>
          </TextLine>
          <TextLine ID="eSc_line_c4befc26"
                    TAGREFS="LT20"
                    BASELINE="3692 1210 3940 1216" 
                    HPOS="3682"
                    VPOS="1155"
                    WIDTH="282"
                    HEIGHT="111">
            <Shape><Polygon POINTS="3682 1260 3858 1233 3879 1266 3964 1222 3925 1155 3705 1178"/></Shape>
	    <String CONTENT="p.188)."
                    HPOS="3682"
                    VPOS="1155"
                    WIDTH="282"
                    HEIGHT="111"
                    WC="0.9974652784211295"></String>
          </TextLine>
          <TextLine ID="eSc_line_77ee55e2"
                    TAGREFS="LT20"
                    BASELINE="2198 1368 2337 1349 2678 1329 3917 1281" 
                    HPOS="2185"
                    VPOS="1224"
                    WIDTH="1746"
                    HEIGHT="237">
            <Shape><Polygon POINTS="3861 1241 3770 1272 3754 1259 3690 1266 3579 1263 3491 1253 3485 1250 3452 1224 3449 1224 3446 1224 3443 1224 3440 1224 3437 1224 3437 1227 3388 1263 3371 1267 3349 1274 3279 1269 3254 1265 3213 1259 3187 1261 3166 1271 3153 1273 3138 1258 3113 1270 3093 1261 3003 1253 2976 1237 2948 1250 2926 1251 2759 1267 2726 1297 2706 1293 2679 1272 2604 1302 2476 1289 2409 1312 2363 1289 2328 1310 2311 1306 2286 1306 2260 1284 2238 1264 2235 1264 2232 1264 2229 1264 2227 1264 2193 1281 2185 1382 2218 1461 2309 1394 2396 1399 2452 1402 2455 1402 2458 1402 2461 1402 2461 1399 2466 1394 2495 1363 2565 1360 2684 1360 2712 1380 2715 1382 2718 1382 2721 1382 2811 1388 2814 1388 2816 1388 2819 1388 2819 1385 2836 1371 2856 1351 2912 1346 2938 1363 2941 1363 2944 1363 2946 1363 2949 1363 2997 1343 3017 1360 3039 1377 3042 1377 3045 1377 3048 1380 3087 1380 3087 1377 3090 1377 3141 1351 3175 1334 3212 1346 3277 1368 3279 1368 3282 1368 3285 1368 3288 1368 3288 1365 3291 1365 3310 1343 3336 1354 3339 1354 3342 1354 3432 1332 3463 1326 3480 1329 3536 1346 3539 1346 3542 1346 3545 1346 3590 1323 3607 1334 3610 1334 3612 1334 3615 1334 3914 1301 3931 1291 3923 1269 3888 1270 3864 1261"/></Shape>
	    <String CONTENT="Voy. ds Hauck I, 268 sqq. le grand nombre des"
                    HPOS="2185"
                    VPOS="1224"
                    WIDTH="1746"
                    HEIGHT="237"></String>
          </TextLine>
          <TextLine ID="eSc_line_b8dbe382"
                    TAGREFS="LT20"
                    BASELINE="2239 1471 2622 1430 3597 1380 3948 1371" 
                    HPOS="2241"
                    VPOS="1312"
                    WIDTH="1707"
                    HEIGHT="183">
            <Shape><Polygon POINTS="2339 1418 2431 1427 2605 1368 2610 1368 2653 1385 2685 1373 2758 1397 2813 1405 2874 1370 2934 1387 2949 1377 3007 1364 3036 1396 3084 1372 3203 1377 3348 1364 3399 1348 3443 1334 3502 1346 3556 1329 3677 1332 3873 1314 3943 1312 3948 1371 3946 1394 3104 1433 3006 1444 2907 1456 2824 1475 2782 1451 2721 1461 2692 1456 2602 1456 2568 1470 2531 1481 2526 1481 2455 1476 2421 1473 2390 1478 2317 1495 2314 1495 2241 1488 2249 1441"/></Shape>
	    <String CONTENT="monastères fondés sous l infl. se Lu¬"
                    HPOS="2241"
                    VPOS="1312"
                    WIDTH="1707"
                    HEIGHT="183"></String>
          </TextLine>
          <TextLine ID="eSc_line_663cc182"
                    TAGREFS="LT20"
                    BASELINE="2227 1555 3172 1481 3745 1461" 
                    HPOS="2227"
                    VPOS="1409"
                    WIDTH="1528"
                    HEIGHT="199">
            <Shape><Polygon POINTS="2227 1586 2257 1608 2298 1584 2483 1571 2483 1569 2486 1569 2498 1552 2548 1553 2575 1557 2615 1556 2624 1553 2641 1559 2647 1550 2664 1555 2697 1552 2741 1533 2768 1537 2802 1547 2851 1544 2890 1528 2969 1525 2995 1521 3025 1532 3081 1516 3212 1504 3271 1509 3301 1497 3325 1515 3327 1515 3330 1515 3330 1512 3333 1512 3339 1504 3347 1495 3419 1489 3480 1491 3508 1504 3511 1504 3514 1504 3531 1490 3539 1487 3559 1487 3632 1495 3635 1495 3745 1473 3745 1461 3755 1411 3686 1409 3568 1425 3508 1421 3119 1447 3110 1439 3071 1443 3030 1454 3016 1453 3012 1453 2996 1453 2952 1456 2892 1475 2849 1487 2805 1476 2710 1464 2664 1456 2661 1456 2658 1456 2658 1459 2656 1459 2644 1476 2639 1481 2523 1487 2514 1487 2461 1467 2458 1467 2455 1467 2452 1467 2393 1495 2387 1498 2245 1512 2227 1555"/></Shape>
	    <String CONTENT="xeuil au VIIe s., surtout ds le Nord."
                    HPOS="2227"
                    VPOS="1409"
                    WIDTH="1528"
                    HEIGHT="199"></String>
          </TextLine>
          <TextLine ID="eSc_line_ba35dbe3"
                    TAGREFS="LT20"
                    BASELINE="2238 1647 3655 1535 4045 1522" 
                    HPOS="2233"
                    VPOS="1463"
                    WIDTH="1827"
                    HEIGHT="228">
            <Shape><Polygon POINTS="3025 1616 3364 1594 3453 1572 3512 1586 3705 1551 3782 1558 4060 1548 4044 1463 3864 1473 3739 1474 3667 1497 3606 1506 3520 1512 3489 1517 3458 1502 3425 1499 3392 1506 3363 1520 3322 1531 3299 1498 3296 1498 3294 1498 3291 1498 3288 1498 3288 1501 3265 1521 3213 1515 3177 1516 3088 1520 3081 1535 3025 1540 3011 1540 3008 1540 2975 1518 2972 1518 2969 1518 2966 1518 2963 1518 2887 1552 2777 1557 2761 1555 2740 1535 2737 1535 2735 1535 2732 1535 2729 1535 2726 1535 2678 1566 2596 1569 2562 1559 2534 1565 2502 1574 2478 1582 2410 1579 2284 1597 2235 1621 2233 1678 2304 1656 2336 1691 2831 1618"/></Shape>
	    <String CONTENT="Il faut noter cette infl. à côté de l&#x27;infl. me¬"
                    HPOS="2233"
                    VPOS="1463"
                    WIDTH="1827"
                    HEIGHT="228"></String>
          </TextLine>
          <TextLine ID="eSc_line_ce4195c3"
                    TAGREFS="LT20"
                    BASELINE="2210 1741 2904 1690 3590 1622 3977 1608" 
                    HPOS="2204"
                    VPOS="1555"
                    WIDTH="1773"
                    HEIGHT="208">
            <Shape><Polygon POINTS="2210 1763 2887 1727 2890 1727 2893 1727 2910 1713 2912 1710 2924 1710 2994 1718 2997 1718 3000 1718 3037 1701 3039 1701 3042 1701 3102 1710 3104 1710 3107 1710 3138 1693 3141 1693 3158 1693 3219 1718 3298 1686 3322 1693 3378 1673 3401 1667 3454 1656 3478 1688 3497 1679 3500 1679 3548 1662 3570 1651 3977 1625 3977 1608 3971 1563 3880 1571 3807 1563 3775 1562 3722 1569 3706 1555 3703 1555 3700 1555 3684 1557 3639 1571 3567 1590 3505 1597 3449 1574 3446 1574 3443 1574 3440 1574 3367 1608 3364 1611 3350 1611 3223 1617 3161 1621 3133 1616 3111 1618 3089 1622 3061 1644 3056 1634 3014 1636 2972 1614 2969 1614 2966 1614 2963 1614 2960 1614 2918 1642 2839 1622 2836 1622 2833 1622 2831 1622 2760 1656 2670 1651 2667 1651 2385 1687 2373 1687 2354 1691 2329 1697 2307 1671 2268 1683 2228 1696 2204 1698 2210 1741"/></Shape>
	    <String CONTENT="diterranéenne. Il semble que Luxeuil l&#x27;em¬"
                    HPOS="2204"
                    VPOS="1555"
                    WIDTH="1773"
                    HEIGHT="208"></String>
          </TextLine>
          <TextLine ID="eSc_line_ad08d4e4"
                    TAGREFS="LT20"
                    BASELINE="2294 1817 2805 1789 3373 1738 3946 1718" 
                    HPOS="2294"
                    VPOS="1634"
                    WIDTH="1652"
                    HEIGHT="238">
            <Shape><Polygon POINTS="2316 1872 2435 1831 2503 1845 2506 1845 2509 1845 2565 1831 2715 1837 2718 1837 2721 1837 2723 1837 2915 1797 2944 1811 2946 1811 2949 1811 3048 1792 3071 1809 3073 1809 3076 1809 3079 1809 3082 1809 3198 1778 3282 1789 3285 1789 3288 1789 3344 1769 3435 1775 3437 1775 3564 1755 3655 1780 3658 1780 3660 1780 3692 1778 3723 1775 3725 1775 3728 1775 3759 1746 3881 1738 3940 1763 3946 1718 3921 1634 3790 1676 3728 1662 3706 1659 3703 1659 3700 1659 3677 1667 3627 1687 3593 1673 3587 1673 3584 1673 3581 1673 3579 1673 3519 1698 3470 1700 3461 1674 3375 1679 3373 1679 3370 1679 3336 1696 3308 1707 3285 1698 3257 1709 3222 1732 3208 1735 3192 1740 3161 1723 3149 1706 3000 1727 2991 1721 2980 1713 2977 1713 2975 1713 2972 1713 2969 1713 2927 1727 2887 1744 2664 1758 2537 1761 2534 1758 2494 1750 2440 1765 2422 1773 2389 1780 2349 1796 2343 1790 2316 1786 2294 1817"/></Shape>
	    <String CONTENT="porte en renommée sur Lérins. Hauck,"
                    HPOS="2294"
                    VPOS="1634"
                    WIDTH="1652"
                    HEIGHT="238"></String>
          </TextLine>
          <TextLine ID="eSc_line_8d63ebac"
                    TAGREFS="LT20"
                    BASELINE="2252 1941 2635 1921" 
                    HPOS="2246"
                    VPOS="1840"
                    WIDTH="399"
                    HEIGHT="157">
            <Shape><Polygon POINTS="2252 1967 2337 1995 2358 1997 2468 1966 2632 1939 2645 1921 2605 1840 2557 1862 2492 1854 2483 1854 2481 1854 2461 1857 2376 1876 2351 1871 2316 1878 2289 1859 2286 1859 2246 1879 2252 1941"/></Shape>
	    <String CONTENT="I, p.274."
                    HPOS="2246"
                    VPOS="1840"
                    WIDTH="399"
                    HEIGHT="157"></String>
          </TextLine>
          <TextLine ID="eSc_line_00ddf45a"
                    TAGREFS="LT20"
                    BASELINE="2354 2040 2684 2026 3663 1927 4002 1913" 
                    HPOS="2354"
                    VPOS="1857"
                    WIDTH="1648"
                    HEIGHT="235">
            <Shape><Polygon POINTS="3711 1882 3703 1879 3658 1859 3655 1859 3652 1859 3649 1859 3646 1859 3615 1888 3610 1893 3505 1899 3497 1896 3463 1882 3460 1882 3457 1882 3454 1882 3378 1905 3356 1913 3344 1907 3305 1890 3302 1890 3299 1890 3141 1919 3119 1907 3116 1907 3113 1907 3110 1907 3107 1907 3107 1910 3085 1930 3073 1938 3008 1936 2862 1930 2859 1930 2856 1930 2763 1955 2650 1950 2647 1950 2644 1950 2641 1950 2613 1953 2586 1981 2568 1972 2548 1969 2546 1969 2543 1969 2523 1975 2510 1992 2487 1991 2457 1985 2435 1982 2397 1996 2375 2008 2364 2008 2354 2040 2354 2071 2606 2092 2675 2068 2721 2046 2737 2040 2752 2046 2794 2057 2797 2057 2800 2057 2972 2029 3085 2009 3141 2015 3206 2020 3209 2020 3212 2020 3240 2006 3271 1992 3342 1998 3392 2003 3395 2003 3398 2003 3401 2003 3415 1992 3443 1975 3646 1958 3694 1972 3706 1975 3708 1975 3711 1975 3714 1975 3725 1969 3768 1947 3869 1938 3999 1947 4002 1913 3999 1902 3991 1857"/></Shape>
	    <String CONTENT="La règle de Colomban trop ascétique ne"
                    HPOS="2354"
                    VPOS="1857"
                    WIDTH="1648"
                    HEIGHT="235"></String>
          </TextLine>
          <TextLine ID="eSc_line_af93f3c7"
                    TAGREFS="LT20"
                    BASELINE="2337 2147 2701 2130 2751 2125 3644 2040 3968 2026" 
                    HPOS="2331"
                    VPOS="1972"
                    WIDTH="1637"
                    HEIGHT="229">
            <Shape><Polygon POINTS="2342 2201 2410 2173 2443 2179 2477 2165 2518 2173 2556 2175 2653 2159 2749 2156 2775 2156 2782 2155 2805 2146 2840 2139 2877 2144 2893 2138 2932 2144 2966 2147 2969 2147 2972 2147 3011 2139 3107 2113 3147 2125 3173 2116 3204 2124 3240 2143 3265 2122 3268 2122 3282 2113 3308 2096 3361 2105 3381 2100 3404 2098 3432 2093 3457 2096 3511 2079 3553 2085 3598 2094 3601 2094 3604 2094 3638 2079 3669 2063 3796 2057 3807 2063 3824 2074 3827 2074 3830 2074 3833 2074 3968 2046 3968 2026 3962 1978 3844 1972 3841 1972 3838 1972 3771 1992 3768 1992 3681 1987 3639 1995 3599 1998 3531 2012 3514 2015 3508 2015 3427 2010 3376 2013 3310 2023 3254 2015 3251 2015 3248 2015 3246 2015 3246 2017 3226 2034 3169 2023 3166 2023 3164 2023 3161 2023 3121 2046 3119 2048 3104 2048 3031 2040 3028 2040 3025 2040 2963 2060 2927 2043 2924 2043 2921 2043 2918 2043 2915 2043 2898 2055 2876 2058 2837 2066 2780 2063 2777 2063 2774 2063 2771 2063 2752 2077 2746 2082 2588 2094 2574 2094 2535 2106 2492 2102 2457 2096 2444 2102 2396 2088 2393 2088 2390 2088 2387 2088 2331 2111 2337 2147"/></Shape>
	    <String CONTENT="se maintient pas et fut remplacée p."
                    HPOS="2331"
                    VPOS="1972"
                    WIDTH="1637"
                    HEIGHT="229"></String>
          </TextLine>
          <TextLine ID="eSc_line_d6332954"
                    TAGREFS="LT20"
                    BASELINE="2320 2240 2698 2224 3389 2153 3824 2136" 
                    HPOS="2320"
                    VPOS="2079"
                    WIDTH="1516"
                    HEIGHT="201">
            <Shape><Polygon POINTS="2320 2271 2387 2280 2390 2280 2506 2257 2520 2254 2523 2254 2546 2266 2548 2266 2625 2253 2720 2244 2773 2242 3088 2215 3574 2165 3622 2149 3630 2158 3826 2166 3836 2104 3773 2079 3729 2081 3628 2108 3475 2103 3403 2098 3367 2119 3324 2119 3309 2125 3297 2135 3247 2149 3229 2150 3206 2142 3175 2116 3172 2116 3169 2116 3166 2116 3164 2116 3138 2136 3135 2139 3133 2136 3118 2138 3102 2133 3086 2129 3056 2132 3021 2148 2992 2158 2966 2173 2939 2168 2876 2159 2870 2156 2834 2158 2811 2165 2791 2170 2784 2171 2774 2164 2757 2173 2729 2167 2698 2161 2695 2161 2692 2161 2689 2161 2675 2173 2658 2181 2625 2175 2591 2170 2588 2170 2585 2170 2557 2181 2531 2190 2514 2184 2492 2189 2466 2170 2440 2196 2434 2200 2399 2205 2367 2212 2343 2215 2320 2240"/></Shape>
	    <String CONTENT="celle de s. Benoît de méditerr. Voy."
                    HPOS="2320"
                    VPOS="2079"
                    WIDTH="1516"
                    HEIGHT="201"></String>
          </TextLine>
          <TextLine ID="eSc_line_95882dad"
                    TAGREFS="LT20"
                    BASELINE="2347 2351 3136 2259 3493 2218 3971 2184" 
                    HPOS="2352"
                    VPOS="2115"
                    WIDTH="1623"
                    HEIGHT="288">
            <Shape><Polygon POINTS="3611 2157 3593 2172 3555 2182 3533 2188 3491 2184 3449 2178 3418 2187 3384 2200 3372 2191 3352 2197 3305 2201 3206 2208 3102 2228 3027 2224 2989 2234 2796 2243 2750 2258 2667 2255 2382 2283 2352 2310 2359 2403 2465 2355 2573 2340 2640 2332 2652 2352 2698 2352 2717 2324 2726 2343 2771 2331 2918 2308 2946 2303 2967 2319 3068 2308 3225 2265 3291 2277 3291 2274 3294 2274 3305 2260 3395 2263 3398 2251 3418 2254 3439 2242 3464 2243 3856 2213 3968 2198 3971 2184 3975 2115 3913 2126 3886 2139 3858 2146 3836 2162 3818 2169 3788 2182 3761 2174 3694 2159 3626 2170 3624 2150"/></Shape>
	    <String CONTENT="Hauck I, 283. A peine Colomban a-t-il"
                    HPOS="2352"
                    VPOS="2115"
                    WIDTH="1623"
                    HEIGHT="288"></String>
          </TextLine>
          <TextLine ID="eSc_line_360c5df8"
                    TAGREFS="LT20"
                    BASELINE="2373 2430 3011 2351 3291 2317 3340 2313 3962 2260" 
                    HPOS="2353"
                    VPOS="2206"
                    WIDTH="1640"
                    HEIGHT="278">
            <Shape><Polygon POINTS="2353 2484 2436 2433 2472 2449 2475 2449 2478 2449 2481 2449 2483 2449 2486 2449 2543 2420 2594 2432 2596 2432 2599 2432 2602 2432 2628 2408 2644 2406 2669 2405 2693 2413 2714 2410 2757 2398 2783 2418 2797 2424 2800 2424 2802 2424 2805 2424 2817 2425 2822 2413 2845 2385 2876 2376 2906 2376 2948 2370 3006 2404 3008 2404 3037 2417 3065 2384 3093 2376 3102 2381 3116 2393 3119 2393 3121 2393 3124 2393 3127 2393 3130 2393 3130 2390 3133 2390 3144 2376 3158 2359 3195 2370 3237 2381 3240 2381 3243 2381 3246 2381 3305 2362 3406 2365 3409 2365 3412 2365 3415 2365 3454 2339 3477 2328 3491 2336 3500 2339 3502 2339 3505 2339 3508 2339 3528 2331 3550 2322 3564 2328 3618 2345 3621 2345 3624 2345 3627 2345 3629 2345 3675 2314 3686 2305 3819 2297 3821 2297 3861 2317 3864 2317 3867 2317 3869 2317 3962 2280 3993 2244 3959 2206 3906 2209 3886 2223 3828 2228 3766 2240 3708 2218 3675 2218 3672 2218 3669 2218 3666 2218 3666 2221 3660 2223 3633 2258 3615 2235 3612 2235 3610 2235 3607 2235 3583 2257 3569 2258 3552 2253 3535 2244 3520 2255 3514 2261 3499 2275 3495 2268 3486 2268 3471 2265 3462 2261 3456 2257 3447 2259 3435 2258 3430 2262 3419 2276 3398 2285 3394 2275 3353 2281 3322 2263 3313 2263 3310 2263 3308 2263 3276 2293 3239 2296 3234 2271 3223 2268 3192 2296 3190 2307 3178 2294 3164 2305 3141 2305 3122 2310 3086 2315 3059 2321 3006 2326 2957 2326 2951 2308 2939 2309 2913 2339 2886 2319 2868 2333 2858 2329 2845 2334 2829 2326 2815 2328 2787 2338 2746 2360 2723 2344 2716 2337 2680 2374 2653 2374 2627 2357 2608 2344 2581 2346 2535 2349 2473 2382 2443 2378 2384 2396 2359 2432"/></Shape>
	    <String CONTENT="quitté la Gaule que la regle d s. Benoît"
                    HPOS="2353"
                    VPOS="2206"
                    WIDTH="1640"
                    HEIGHT="278"></String>
          </TextLine>
          <TextLine ID="eSc_line_39f8a1a6"
                    TAGREFS="LT20"
                    BASELINE="2378 2482 2394 2481 2977 2441" 
                    HPOS="2370"
                    VPOS="2370"
                    WIDTH="625"
                    HEIGHT="180">
            <Shape><Polygon POINTS="2470 2458 2452 2455 2432 2445 2384 2467 2377 2482 2370 2494 2377 2510 2396 2525 2408 2507 2421 2511 2433 2514 2448 2550 2486 2512 2506 2506 2509 2506 2512 2506 2977 2469 2977 2441 2995 2408 2945 2370 2909 2386 2869 2386 2859 2397 2844 2423 2804 2429 2786 2425 2766 2418 2745 2409 2732 2416 2721 2427 2708 2432 2702 2422 2698 2422 2675 2416 2663 2416 2650 2412 2638 2410 2627 2421 2625 2423 2615 2437 2582 2447 2567 2445 2560 2445 2536 2424 2505 2436 2488 2453"/></Shape>
	    <String CONTENT="s y introduit."
                    HPOS="2370"
                    VPOS="2370"
                    WIDTH="625"
                    HEIGHT="180"></String>
          </TextLine>
          <TextLine ID="eSc_line_0770ea48"
                    TAGREFS="LT20"
                    BASELINE="2257 2666 3008 2633" 
                    HPOS="2258"
                    VPOS="2585"
                    WIDTH="750"
                    HEIGHT="121">
            <Shape><Polygon POINTS="2362 2607 2413 2613 2492 2610 2500 2604 2531 2585 2540 2585 2622 2599 2650 2604 3000 2590 3008 2633 3006 2661 2602 2689 2599 2689 2475 2683 2413 2681 2371 2686 2258 2706 2269 2621"/></Shape>
	    <String CONTENT="avec 40 moines"
                    HPOS="2258"
                    VPOS="2585"
                    WIDTH="750"
                    HEIGHT="121"></String>
          </TextLine>
          <TextLine ID="eSc_line_e5ba98df"
                    TAGREFS="LT20"
                    BASELINE="2116 2865 3409 2788 3982 2768" 
                    HPOS="2111"
                    VPOS="2692"
                    WIDTH="1871"
                    HEIGHT="225">
            <Shape><Polygon POINTS="3900 2703 3892 2700 3830 2723 3762 2695 3759 2695 3742 2692 3692 2734 3689 2737 3574 2720 3542 2740 3474 2714 3471 2714 3469 2714 3466 2714 3391 2741 3322 2740 3302 2754 3152 2751 3150 2751 3147 2751 3104 2765 3099 2765 3090 2765 2986 2751 2983 2751 2980 2751 2977 2751 2955 2771 2946 2779 2912 2763 2884 2777 2828 2757 2825 2757 2822 2757 2819 2757 2766 2782 2752 2788 2732 2782 2622 2757 2619 2757 2616 2757 2613 2757 2582 2782 2500 2765 2498 2765 2495 2765 2492 2765 2458 2794 2342 2774 2339 2774 2245 2774 2193 2776 2156 2790 2133 2810 2132 2831 2118 2831 2114 2850 2121 2858 2111 2871 2114 2892 2135 2885 2149 2885 2184 2901 2225 2890 2235 2891 2262 2891 2292 2877 2329 2882 2338 2897 2352 2917 2368 2912 2374 2913 2392 2906 2408 2900 2489 2887 2492 2887 2495 2887 2543 2867 2571 2870 2604 2868 2653 2870 3102 2830 3158 2841 3183 2847 3186 2847 3189 2847 3209 2839 3240 2825 3277 2833 3288 2836 3291 2836 3294 2836 3325 2830 3401 2813 3431 2809 3463 2839 3466 2839 3469 2839 3471 2839 3474 2839 3502 2816 3508 2813 3522 2816 3559 2817 3581 2821 3598 2810 3627 2802 3644 2808 3649 2805 3658 2808 3714 2822 3717 2822 3720 2822 3723 2822 3773 2802 3796 2810 3799 2810 3802 2813 3802 2810 3804 2810 3850 2794 3855 2791 3858 2794 3872 2805 3875 2805 3878 2805 3881 2805 3979 2782 3982 2768 3977 2717 3934 2703 3929 2703"/></Shape>
	    <String CONTENT="En 627, le christianisme s&#x27;est répandu de"
                    HPOS="2111"
                    VPOS="2692"
                    WIDTH="1871"
                    HEIGHT="225"></String>
          </TextLine>
          <TextLine ID="eSc_line_464bcd0f"
                    TAGREFS="LT20"
                    BASELINE="2106 2971 4010 2850" 
                    HPOS="2097"
                    VPOS="2794"
                    WIDTH="1913"
                    HEIGHT="209">
            <Shape><Polygon POINTS="2516 2966 3107 2943 3158 2937 3336 2915 3370 2926 3373 2926 3375 2926 3378 2926 3392 2923 3441 2898 3762 2904 3785 2901 3787 2901 3790 2901 3841 2884 4008 2887 4010 2850 4005 2808 3973 2794 3950 2800 3913 2812 3861 2821 3844 2799 3782 2835 3720 2825 3681 2821 3658 2813 3635 2825 3591 2817 3571 2849 3548 2840 3527 2835 3500 2847 3484 2854 3456 2857 3437 2842 3421 2813 3388 2820 3360 2845 3335 2845 3323 2852 3306 2859 3288 2848 3277 2839 3249 2850 3245 2844 3213 2852 3191 2857 3147 2861 3090 2836 3087 2836 3085 2836 3082 2836 3079 2836 3079 2839 3048 2867 2975 2841 2972 2841 2969 2841 2966 2841 2963 2841 2910 2878 2907 2878 2785 2881 2752 2856 2749 2856 2746 2856 2743 2856 2740 2856 2630 2887 2540 2870 2537 2870 2534 2870 2469 2904 2466 2906 2393 2909 2355 2928 2308 2884 2306 2884 2303 2884 2300 2884 2297 2884 2294 2884 2243 2918 2241 2918 2131 2895 2128 2895 2125 2895 2103 2930 2097 3003"/></Shape>
	    <String CONTENT="Kent au Northum berland. La christianisation"
                    HPOS="2097"
                    VPOS="2794"
                    WIDTH="1913"
                    HEIGHT="209"></String>
          </TextLine>
          <TextLine ID="eSc_line_98fa894c"
                    TAGREFS="LT20"
                    BASELINE="2124 3061 2260 3045 3519 2968" 
                    HPOS="2104"
                    VPOS="2899"
                    WIDTH="1437"
                    HEIGHT="215">
            <Shape><Polygon POINTS="2128 3016 2191 3009 2247 2994 2356 3005 2414 2994 2477 2981 2523 2970 2552 2989 2577 2998 2613 2988 2695 2983 2765 2963 2837 2957 2952 2955 3005 2952 3037 2943 3130 2949 3234 2949 3391 2930 3446 2899 3541 2907 3531 2969 3519 3002 3471 3033 3463 3033 3350 3011 3339 3011 3330 3014 3274 3033 3265 3033 3226 3019 3223 3019 3006 3028 2997 3031 2941 3059 2935 3059 2636 3053 2602 3053 2588 3056 2529 3070 2523 3070 2472 3062 2461 3062 2410 3084 2402 3084 2351 3070 2224 3079 2120 3114 2104 3007"/></Shape>
	    <String CONTENT="est complète en 686 (ds Moreau, p.185)"
                    HPOS="2104"
                    VPOS="2899"
                    WIDTH="1437"
                    HEIGHT="215"></String>
          </TextLine>
          <TextLine ID="eSc_line_59182ac6"
                    TAGREFS="LT20"
                    BASELINE="2156 3349 3488 3270 3965 3254" 
                    HPOS="2150"
                    VPOS="3180"
                    WIDTH="1832"
                    HEIGHT="209">
            <Shape><Polygon POINTS="2156 3386 2243 3389 2246 3389 2249 3389 2252 3389 2260 3381 2277 3369 2291 3381 2294 3383 2297 3383 2300 3383 2303 3383 2596 3369 2599 3369 2619 3361 2650 3353 2673 3358 2704 3364 2706 3364 2709 3364 2712 3364 2723 3355 2743 3344 2915 3344 2932 3344 2935 3344 2955 3344 3152 3318 3217 3327 3251 3333 3254 3333 3257 3333 3282 3324 3330 3307 3550 3296 3615 3304 3649 3310 3652 3310 3655 3310 3675 3302 3692 3296 3711 3302 3734 3304 3737 3304 3739 3304 3742 3304 3742 3302 3745 3302 3748 3299 3759 3285 3962 3285 3975 3257 3982 3210 3847 3180 3844 3180 3660 3214 3601 3189 3598 3189 3596 3189 3593 3189 3449 3228 3443 3228 3435 3228 3322 3220 3319 3220 3316 3220 3313 3220 3294 3237 3291 3237 3231 3225 3229 3225 3020 3251 2972 3225 2969 3225 2966 3225 2896 3228 2610 3276 2599 3276 2594 3276 2520 3262 2517 3262 2514 3262 2512 3262 2512 3265 2492 3282 2421 3259 2418 3259 2416 3259 2215 3268 2212 3268 2150 3296 2156 3349"/></Shape>
	    <String CONTENT="En 668 le pape Vitelius envoye c. archev. à Can¬"
                    HPOS="2150"
                    VPOS="3180"
                    WIDTH="1832"
                    HEIGHT="209"></String>
          </TextLine>
          <TextLine ID="eSc_line_99e54d68"
                    TAGREFS="LT20"
                    BASELINE="2249 3462 2825 3417 3578 3379 3934 3361" 
                    HPOS="2243"
                    VPOS="3296"
                    WIDTH="1706"
                    HEIGHT="206">
            <Shape><Polygon POINTS="2249 3488 2345 3488 2348 3488 2351 3488 2354 3485 2376 3471 2466 3476 2504 3485 2542 3499 2564 3502 2577 3471 2594 3462 2605 3468 2625 3476 2627 3476 2630 3476 2633 3476 2636 3476 2650 3465 2670 3454 2740 3460 2769 3460 2771 3460 2811 3454 2915 3437 2932 3445 2938 3448 2941 3448 2944 3448 2946 3448 2960 3443 2997 3431 3006 3440 3014 3448 3017 3448 3020 3448 3023 3448 3150 3431 3198 3426 3217 3426 3332 3446 3344 3437 3347 3437 3389 3414 3401 3409 3446 3412 3576 3420 3579 3420 3581 3420 3638 3397 3646 3395 3655 3397 3675 3406 3677 3406 3680 3406 3841 3389 3869 3406 3872 3406 3875 3406 3878 3406 3881 3406 3934 3378 3934 3361 3949 3312 3841 3296 3838 3296 3835 3296 3703 3304 3700 3304 3697 3304 3669 3327 3615 3310 3612 3310 3610 3310 3607 3310 3582 3306 3562 3341 3435 3347 3409 3330 3406 3330 3404 3330 3401 3330 3398 3330 3395 3330 3395 3333 3378 3347 3353 3333 3350 3333 3347 3333 3344 3333 3342 3333 3237 3358 3141 3335 3138 3335 3090 3338 3087 3338 3085 3338 3085 3341 3059 3366 3017 3352 3014 3352 3011 3352 3008 3352 3006 3352 3006 3355 2983 3375 2887 3375 2848 3352 2845 3352 2842 3352 2839 3352 2836 3352 2740 3383 2681 3364 2678 3364 2675 3364 2673 3364 2660 3365 2641 3366 2633 3395 2531 3397 2464 3375 2461 3375 2458 3375 2455 3375 2452 3375 2452 3378 2424 3406 2362 3406 2334 3389 2331 3389 2328 3389 2325 3389 2323 3389 2243 3414 2249 3462"/></Shape>
	    <String CONTENT="terbury Theodore de Tarse qui a étudié à"
                    HPOS="2243"
                    VPOS="3296"
                    WIDTH="1706"
                    HEIGHT="206"></String>
          </TextLine>
          <TextLine ID="eSc_line_82197e45"
                    TAGREFS="LT20"
                    BASELINE="2252 3539 3974 3440" 
                    HPOS="2252"
                    VPOS="3392"
                    WIDTH="1722"
                    HEIGHT="180">
            <Shape><Polygon POINTS="2252 3570 2475 3572 2478 3572 2557 3553 2596 3544 2619 3550 2656 3561 2658 3561 2661 3561 2664 3561 2721 3544 2752 3536 2777 3541 2822 3550 2825 3550 2946 3530 2989 3524 2997 3527 3011 3541 3014 3541 3017 3541 3020 3541 3023 3541 3076 3524 3085 3522 3113 3522 3285 3527 3310 3552 3387 3505 3432 3496 3446 3502 3477 3516 3480 3516 3483 3516 3485 3516 3488 3516 3514 3499 3525 3491 3708 3482 3725 3488 3762 3499 3765 3499 3768 3499 3771 3499 3773 3499 3773 3496 3776 3496 3785 3482 3790 3476 3813 3482 3858 3491 3861 3491 3864 3491 3867 3491 3867 3488 3869 3488 3878 3476 3883 3471 3971 3471 3974 3440 3968 3400 3862 3399 3824 3392 3655 3417 3615 3423 3593 3423 3488 3412 3485 3412 3483 3412 3480 3412 3480 3414 3477 3414 3466 3429 3463 3434 3359 3450 3281 3460 3237 3426 3234 3426 3231 3426 3189 3445 3186 3448 3183 3445 3157 3443 3136 3443 3121 3448 3094 3450 3061 3454 3037 3463 3000 3457 2935 3448 2932 3448 2805 3471 2791 3471 2785 3471 2712 3461 2683 3484 2555 3518 2518 3504 2475 3495 2450 3491 2444 3491 2391 3501 2332 3502 2294 3501 2262 3502 2252 3539"/></Shape>
	    <String CONTENT="Athènes. Son ami Adrien qui l&#x27;accompagne"
                    HPOS="2252"
                    VPOS="3392"
                    WIDTH="1722"
                    HEIGHT="180"></String>
          </TextLine>
          <TextLine ID="eSc_line_c645db6d"
                    TAGREFS="LT20"
                    BASELINE="2243 3618 3979 3516" 
                    HPOS="2243"
                    VPOS="3472"
                    WIDTH="1748"
                    HEIGHT="188">
            <Shape><Polygon POINTS="2243 3646 2275 3660 2277 3660 2280 3660 2393 3635 2399 3635 2430 3654 2433 3654 2435 3654 2438 3654 2441 3654 2540 3626 2548 3623 2625 3623 2627 3623 2653 3640 2656 3640 2658 3640 2661 3640 2664 3640 2757 3615 2774 3612 2783 3615 2816 3626 2819 3626 2822 3626 2825 3626 2828 3626 2828 3623 2842 3612 2845 3609 2853 3612 2907 3620 2910 3620 2912 3620 2969 3603 2989 3601 3000 3603 3056 3618 3059 3618 3062 3618 3065 3618 3104 3598 3116 3592 3251 3591 3315 3619 3415 3585 3545 3589 3548 3589 3590 3572 3598 3570 3627 3570 3737 3575 3739 3575 3742 3575 3771 3561 3790 3553 3810 3561 3827 3567 3830 3567 3833 3567 3979 3550 3991 3516 3990 3472 3917 3482 3834 3499 3783 3502 3748 3510 3708 3482 3581 3502 3550 3491 3548 3491 3545 3491 3542 3491 3539 3491 3508 3513 3454 3524 3396 3535 3363 3535 3339 3545 3305 3556 3283 3536 3270 3541 3263 3537 3254 3536 3217 3530 3189 3527 3161 3537 3162 3530 3142 3536 3115 3539 3061 3551 3003 3546 2971 3540 2952 3554 2940 3555 2928 3561 2913 3555 2879 3543 2841 3552 2804 3557 2776 3561 2617 3559 2374 3581 2262 3584 2243 3618"/></Shape>
	    <String CONTENT="est Africain, connaissant grec et latin. C&#x27;est"
                    HPOS="2243"
                    VPOS="3472"
                    WIDTH="1748"
                    HEIGHT="188"></String>
          </TextLine>
          <TextLine ID="eSc_line_ac0adbca"
                    TAGREFS="LT20"
                    BASELINE="2243 3702 3889 3620" 
                    HPOS="2243"
                    VPOS="3567"
                    WIDTH="1646"
                    HEIGHT="187">
            <Shape><Polygon POINTS="2243 3722 2354 3745 2409 3754 2554 3725 2557 3725 2560 3725 2582 3708 2588 3705 2605 3708 2661 3716 2664 3716 2752 3699 2771 3697 2777 3699 2811 3695 2830 3691 2851 3689 2862 3701 2871 3706 2884 3702 2899 3702 2910 3695 2912 3694 2927 3694 3135 3694 3138 3694 3141 3694 3144 3694 3144 3691 3147 3691 3152 3683 3158 3677 3183 3683 3254 3694 3257 3694 3260 3694 3262 3694 3262 3691 3265 3691 3277 3677 3279 3671 3406 3666 3423 3671 3469 3688 3471 3688 3474 3688 3477 3688 3480 3688 3511 3666 3522 3660 3539 3666 3582 3667 3590 3683 3593 3683 3596 3683 3598 3683 3621 3663 3629 3654 3652 3660 3714 3677 3717 3677 3720 3677 3723 3677 3765 3654 3785 3646 3883 3649 3889 3620 3883 3570 3762 3567 3759 3567 3756 3567 3754 3567 3754 3570 3745 3575 3734 3589 3646 3592 3533 3587 3448 3596 3304 3628 3281 3611 3234 3612 3220 3606 3200 3595 3198 3595 3195 3595 3110 3612 3062 3636 3034 3615 2969 3606 2966 3606 2963 3606 2918 3623 2901 3629 2890 3623 2859 3612 2856 3612 2853 3612 2850 3612 2808 3629 2794 3637 2667 3640 2658 3637 2627 3626 2625 3626 2622 3626 2619 3626 2616 3626 2594 3640 2591 3643 2588 3640 2568 3632 2565 3632 2562 3632 2560 3632 2557 3632 2543 3643 2476 3667 2257 3668 2243 3702"/></Shape>
	    <String CONTENT="eux qui avec des Irlandais ont propagé la"
                    HPOS="2243"
                    VPOS="3567"
                    WIDTH="1646"
                    HEIGHT="187"></String>
          </TextLine>
          <TextLine ID="eSc_line_00021fc2"
                    TAGREFS="LT20"
                    BASELINE="2280 3801 2771 3762 3658 3733" 
                    HPOS="2276"
                    VPOS="3677"
                    WIDTH="1392"
                    HEIGHT="147">
            <Shape><Polygon POINTS="3668 3723 3664 3758 3604 3778 3573 3750 3476 3765 3434 3770 3393 3801 3339 3766 3288 3776 3141 3804 3135 3804 3065 3784 3062 3784 2890 3787 2887 3790 2822 3824 2814 3824 2715 3795 2712 3795 2413 3824 2410 3824 2281 3812 2276 3740 2344 3749 2369 3762 2404 3754 2422 3754 2492 3736 2613 3728 2647 3711 2674 3718 2716 3713 2783 3694 2788 3694 2819 3708 2848 3698 2891 3731 3092 3700 3141 3710 3237 3694 3288 3695 3305 3677 3459 3694 3568 3685 3655 3685"/></Shape>
	    <String CONTENT="culture antique chez les Angl. Sax."
                    HPOS="2276"
                    VPOS="3677"
                    WIDTH="1392"
                    HEIGHT="147"></String>
          </TextLine>
          <TextLine ID="eSc_line_c4909b82"
                    TAGREFS="LT20"
                    BASELINE="2650 3883 3249 3883" 
                    HPOS="2647"
                    VPOS="3800"
                    WIDTH="602"
                    HEIGHT="134">
            <Shape><Polygon POINTS="3248 3908 3246 3905 3113 3903 3099 3914 3087 3922 3087 3925 3082 3925 2941 3934 2932 3934 2915 3920 2896 3908 2673 3908 2658 3928 2650 3883 2647 3843 2681 3818 2689 3818 2791 3829 2876 3815 2884 3815 2915 3841 2921 3846 2963 3846 2969 3838 2980 3822 2991 3802 3015 3800 3073 3800 3076 3809 3101 3845 3195 3810 3206 3810 3206 3812 3223 3829 3234 3838 3248 3826 3249 3826 3249 3909"/></Shape>
	    <String CONTENT="Bede IV. 1."
                    HPOS="2647"
                    VPOS="3800"
                    WIDTH="602"
                    HEIGHT="134"></String>
          </TextLine>
          <TextLine ID="eSc_line_c2ab94fe"
                    TAGREFS="LT20"
                    BASELINE="3291 3841 3519 3812 3954 3790" 
                    HPOS="3257"
                    VPOS="3739"
                    WIDTH="730"
                    HEIGHT="183">
            <Shape><Polygon POINTS="3480 3838 3560 3833 3593 3860 3710 3823 3987 3803 3959 3739 3776 3759 3748 3764 3706 3761 3700 3781 3662 3769 3646 3778 3627 3787 3596 3791 3578 3777 3570 3759 3567 3759 3564 3759 3562 3759 3559 3759 3395 3810 3357 3789 3291 3793 3257 3907 3287 3922 3333 3860"/></Shape>
	    <String CONTENT="(Mais il y a eu aussi"
                    HPOS="3257"
                    VPOS="3739"
                    WIDTH="730"
                    HEIGHT="183"></String>
          </TextLine>
          <TextLine ID="eSc_line_add89b15"
                    TAGREFS="LT20"
                    BASELINE="3330 3893 3388 3896 3388 3895 3433 3894 3438 3893 4022 3852 4026 3852" 
                    HPOS="3305"
                    VPOS="3800"
                    WIDTH="744"
                    HEIGHT="157">
            <Shape><Polygon POINTS="3857 3835 3874 3824 3890 3815 3961 3816 4038 3800 4049 3815 4020 3906 3900 3914 3892 3914 3850 3891 3737 3891 3677 3925 3672 3925 3584 3905 3531 3928 3528 3928 3411 3954 3373 3957 3342 3941 3323 3930 3305 3914 3306 3895 3306 3876 3315 3869 3338 3871 3360 3861 3389 3858 3433 3855 3488 3841 3562 3847 3576 3866 3618 3862 3709 3828 3799 3829 3804 3842 3835 3833 3841 3835"/></Shape>
	    <String CONTENT="ds apôtres islandais)"
                    HPOS="3305"
                    VPOS="3800"
                    WIDTH="744"
                    HEIGHT="157"></String>
          </TextLine>
          <TextLine ID="eSc_line_d23d8a1b"
                    TAGREFS="LT20"
                    BASELINE="2431 4263 3463 4210 3988 4196" 
                    HPOS="2401"
                    VPOS="4103"
                    WIDTH="1603"
                    HEIGHT="204">
            <Shape><Polygon POINTS="2410 4245 2417 4256 2426 4263 2431 4274 2431 4285 2446 4293 2455 4301 2453 4301 2471 4297 2506 4298 2525 4307 2549 4298 2567 4294 2593 4291 2602 4295 2630 4306 2633 4306 2636 4306 2718 4303 2721 4303 2723 4303 2749 4286 2783 4267 2812 4294 2881 4281 2921 4292 2924 4292 2927 4292 2929 4292 2932 4292 2955 4278 2960 4275 3008 4275 3220 4278 3223 4278 3260 4275 3262 4275 3265 4275 3265 4272 3277 4261 3296 4244 3392 4253 3395 4253 3463 4238 3480 4253 3485 4255 3485 4258 3488 4258 3491 4258 3494 4258 3497 4258 3500 4258 3505 4253 3514 4244 3533 4250 3553 4255 3556 4255 3559 4255 3562 4255 3579 4247 3621 4227 3697 4241 3711 4244 3714 4244 3988 4227 4004 4143 3974 4103 3923 4145 3787 4148 3723 4117 3717 4114 3714 4114 3711 4114 3604 4120 3601 4120 3598 4120 3596 4123 3536 4162 3384 4148 3381 4148 3271 4174 3082 4168 3079 4168 3076 4168 3037 4185 2989 4165 2986 4165 2983 4165 2980 4165 2910 4185 2881 4162 2879 4162 2876 4162 2831 4159 2814 4159 2811 4159 2732 4165 2729 4165 2726 4165 2720 4181 2700 4165 2654 4168 2623 4168 2593 4177 2553 4180 2527 4186 2497 4196 2469 4200 2447 4203 2425 4202 2418 4210 2409 4226 2401 4233"/></Shape>
	    <String CONTENT="Thierry Ier envoye ds clercs de Clermont"
                    HPOS="2401"
                    VPOS="4103"
                    WIDTH="1603"
                    HEIGHT="204"></String>
          </TextLine>
          <TextLine ID="eSc_line_1f2d7271"
                    TAGREFS="LT20"
                    BASELINE="2212 4397 2689 4377 3246 4377" 
                    HPOS="2210"
                    VPOS="4295"
                    WIDTH="1036"
                    HEIGHT="155">
            <Shape><Polygon POINTS="2212 4422 2314 4422 2317 4422 2359 4439 2362 4439 2365 4439 2368 4439 2371 4439 2396 4422 2424 4447 2427 4447 2430 4447 2433 4447 2435 4447 2500 4425 2523 4445 2523 4447 2526 4447 2529 4447 2531 4450 2653 4450 2653 4447 2656 4447 2658 4447 2704 4416 2709 4413 2723 4416 2785 4430 2788 4430 2791 4430 2794 4430 2814 4416 2845 4445 2848 4445 2850 4445 2853 4445 3243 4408 3246 4377 3236 4300 3113 4303 3110 4303 3107 4303 3107 4306 3085 4326 3003 4309 3000 4309 2997 4309 2994 4309 2977 4323 2949 4306 2935 4295 2932 4295 2929 4295 2853 4295 2850 4295 2848 4295 2845 4295 2816 4312 2788 4332 2670 4334 2647 4323 2625 4306 2622 4306 2619 4306 2616 4306 2613 4306 2610 4306 2610 4309 2591 4326 2579 4337 2513 4332 2495 4317 2438 4334 2385 4303 2382 4303 2379 4303 2283 4306 2280 4306 2210 4340 2212 4397"/></Shape>
	    <String CONTENT="à Trèves. Hauck I, p.116."
                    HPOS="2210"
                    VPOS="4295"
                    WIDTH="1036"
                    HEIGHT="155"></String>
          </TextLine>
        </TextBlock>
      </PrintSpace>
    </Page>
  </Layout>
</alto>
