4090 5032
3611.0 92.0 277.0 197.0 11

62.0 62.0 2089.0 164.0 En réalité c’est un condottiere qui cherche

41.0 146.0 2018.0 197.0 son profit. Il a un titre Romain qui le fait

41.0 255.0 2056.0 172.0 général de mercenaires. Il a si peu de convictions

41.0 369.0 2085.0 163.0 qu'il se met à la solde de Stilicon moyennant

58.0 461.0 2052.0 180.0 4000 livres d'Or pour agir contre cet Arca¬

50.0 582.0 1355.0 139.0 dius avec lequel il a traité.

58.0 683.0 2119.0 155.0 L assassinat de Stilicon vient à point pour

46.0 792.0 2051.0 172.0 ses affaires. Grossi de beaucoup de troupes

41.0 905.0 2064.0 130.0 de ce dernier il reprend en 408 le chemin de

37.0 985.0 2052.0 180.0 l'Italie. Déjà chez lui le barbare est devenu en

46.0 1090.0 2043.0 180.0 partie un intriguant militaire romain. En

62.0 1190.0 2031.0 172.0 409 honorius refusant de traiter avec lui,

230.0 1329.0 134.0 67.0 fait

71.0 1283.0 2034.0 155.0 il proclamer empereur, par <...............>

88.0 1371.0 1988.0 188.0 <.........> le Sénateur Priscus Attalus qui

50.0 1488.0 2043.0 172.0 le hausse au grade suprême de Magister

50.0 1585.0 2101.0 167.0 utriusque mlilitiae praesentialis. Puis

41.0 1689.0 2094.0 177.0 pour se rapprocher d'Honorius il trahit sa créa¬

50.0 1798.0 2034.0 164.0 ture. Mais Honorius ne veut pas devenir un

46.0 1895.0 2101.0 193.0 second Attalus. Et là dessus Alaric pille Rome

41.0 2016.0 2089.0 164.0 et ne la quitte qu'en emmenant avec lui Galle

54.0 2142.0 1380.0 130.0 Placidia, soeur d l'Empereur.

75.0 2205.0 2072.0 201.0 Et le voila qui reprend son chemin. Contre Ra¬

58.0 2306.0 2148.0 210.0 Venne ? Koine Spur. Il va vers le Sud de l'Italie

71.0 2427.0 2118.0 206.0 qui reste à piller comptant de là passer en A¬

75.0 2553.0 2047.0 176.0 frique le grenier de Rome et la plus prospère des

67.0 2658.0 2164.0 172.0 provinces orientales. C est toujours une marche

67.0 2771.0 2030.0 143.0 de pillages pour vivre. <.... ....... .......>

130.0 2885.0 2059.0 180.0 <......... ........> Alaric ne peut passer en Afrique

62.0 2994.0 1838.0 151.0 il meurt fin 410 à Consentia (Busento).

100.0 3098.0 2030.0 160.0 Son beau frère Athaulf reprend le chemin du

310.0 3199.0 923.0 113.0 après quelques mois de pillage

71.0 3212.0 2013.0 176.0 Nord il marche vers la Gaule où l'usurpateur

88.0 3304.0 2110.0 189.0 Jovinus vient de prendre le pouvoir. Il lui faut

75.0 3413.0 2085.0 151.0 donc un titre romain. Mais il se brouille avec

58.0 3522.0 2135.0 147.0 lui. Honorius restant inébranlable, il épouse

71.0 3618.0 2164.0 164.0 en 414 à Narbonne la belle Placidia et le voilà

75.0 3732.0 2102.0 176.0 beau frère du roi des Goths, beau frère d l Emp

71.0 3899.0 369.0 118.0 pereur.

92.0 3933.0 2034.0 180.0 C'est alors qu'il aurait prononcé le fameux

79.0 4050.0 2010.0 151.0 mot qu'Orose rapporte d'après un témoin à

96.0 4138.0 2051.0 172.0 qui Athaulf l'aurait dit. C'est sur ce mot

83.0 4231.0 2161.0 180.0 surement que Schmidt construit ses Mysteres.

92.0 4331.0 2068.0 168.0 Mais s'il a dit cela consciemment, c'est à dire

100.0 4449.0 2018.0 176.0 qu'il aurait poussé à substituer à l'Empire

109.0 4558.0 1984.0 167.0 un Etat gothique, il n'a pas voulu dire un

100.0 4667.0 2035.0 163.0 Etat d'esprit germanique mais un Empire

125.0 4784.0 1947.0 155.0 romain dont lui et les Goths auraient

2193.0 599.0 1733.0 176.0 Alaric voudrait bien s'arrêter mais il

2172.0 683.0 1737.0 201.0 ne peut pas. Il lui faudrait l autorisat

2164.0 784.0 1720.0 193.0 de l'Empereur et celui-ci se garde bien de

2147.0 884.0 1754.0 181.0 laisser des barbares disposer de l'italie c. en

2139.0 981.0 1686.0 197.0 Orient on ne les a pas laissés disposer de la

3532.0 1048.0 339.0 121.0 Thrace.

2160.0 1207.0 998.0 210.0 le sénat (Lot Glotz p. 35

2147.0 1839.0 1771.0 194.0 dont il s'empare par surprise - Cf le pillage

2613.0 1937.0 1363.0 201.0 de Rome en 1527 par le duc de

2588.0 2100.0 444.0 139.0 Bourbon

2097.0 2595.0 1821.0 243.0 Mais une tempête ayant détruit ses vaisseaux

1917.0 2855.0 1975.0 235.0 Ses funérailles dans le Busento sont celles d'un héros

2277.0 2931.0 1611.0 205.0 epopée Voy. Dawson, p.110  puis tout

2219.0 3015.0 1707.0 213.0 de suite après lui ça commence à changer.

2240.0 3350.0 1245.0 247.0 Jovin tué en 413 (Lot. Gl. p.43)

2302.0 3472.0 1641.0 276.0 Stein, p. 403 ne dit pas un mot de ceci !

2340.0 3576.0 1619.0 265.0 si ce n'est qu'il donne depuis son mariage

2298.0 3635.0 1766.0 289.0 une allure Römerfreundlich à sa politique.

2193.0 3799.0 1762.0 243.0 Orose adv. pag.VII. 43 Schmidt p. 270 attri¬

2156.0 3920.0 1774.0 223.0 bue à Athaulf l'idée d un Gothischer Na¬

2210.0 4004.0 1775.0 227.0 tionalstaat an stelle des Röm. Reichs unter

2227.0 4096.0 1800.0 239.0 Beseitigung aller römischen Einrichtungen".

2294.0 4520.0 701.0 210.0 ds Lot, Glotz p 44.
