3978 5058
3395.0 8.0 412.0 240.0 201

60.0 46.0 2047.0 159.0 Sans doute il n'est pas difficile de gla¬

13.0 168.0 2069.0 150.0 ner dans Théodulphe, dans Ermoldus Ni¬

8.0 268.0 2239.0 144.0 gellus, dans les Vies de Sts, dans les poèmes

7.0 352.0 2155.0 162.0 du temps, sans parler du trop fameux Moine

10.0 480.0 2171.0 167.0 de St Gall, des mentions sporadiques de mar¬

9.0 582.0 2137.0 138.0 chands et de marchandises. Et l'on se laisse

21.0 691.0 2069.0 114.0 aller à construire avec ces membra dis¬

40.0 797.0 2082.0 133.0 jecta un édifice qui n'est qu'une fantaisie

31.0 899.0 2063.0 148.0 de l'imagination. Il suffira qu'un poète

36.0 1017.0 2026.0 156.0 dise qu'un fleuve porte des bâteaux pour

34.0 1117.0 2079.0 141.0 que l'on conclue aussitôt de cette bana¬

38.0 1227.0 1953.0 152.0 lité l'existence d'un puissant trafic

39.0 1350.0 2119.0 130.0 commercial et l'on se contentera de la pré¬

27.0 1469.0 2039.0 162.0 sence de quelque pélerin à Jérusalem pour

35.0 1578.0 2020.0 137.0 affirmer un mouvement de navigation

21.0 1694.0 2001.0 126.0 d'Occident en Orient. On ne se fera pas

36.0 1790.0 2152.0 149.0 faute enfin d'invoquer le mouvement ma¬

11.0 1886.0 2018.0 173.0 ritime de Venise et des villes de l'Italie du

9.0 2007.0 2151.0 171.0 Sud, qui appartiennent à l'économie byzan¬

22.0 2118.0 2119.0 154.0 tine, en faveur de l'économie carolingien¬

27.0 2230.0 2037.0 147.0 ne. Avec une telle méthode on peut tout

33.0 2366.0 431.0 125.0 prouver.

43.0 2440.0 2036.0 183.0 Ce qui importe, ce n'est pas de savoir si l'on

29.0 2558.0 2028.0 153.0 possède dans les textes quelques mentions

20.0 2665.0 2047.0 135.0 de commerce et d'échange. Le commerce et

42.0 2763.0 2020.0 174.0 l'échange ont existé à toutes les époques.

44.0 2874.0 2631.0 153.0 Mais ce qui est en question c'est leur impor¬

31.0 2988.0 2074.0 139.0 tance et leur nature. <.. ... ... .. .. . ...>¬

27.0 3087.0 2086.0 142.0 <..... .. ..... ... ..........>. Ce qui importe

45.0 3181.0 3403.0 135.0 pour apprécier un mouvement écononique,

29.0 3273.0 2095.0 139.0 ce sont des faits de masse, non des faits divers,

27.0 3364.0 2073.0 166.0 des raretés et des singularités. Une hirondelle

29.0 3475.0 2109.0 148.0 ne fait pas le printemps et la présance d'un col¬

29.0 3581.0 2028.0 146.0 porteur ou d'une batelier quelque part ne prouve

30.0 3668.0 2022.0 151.0 pas l'existence d'une économie d'échange.

42.0 3766.0 2007.0 176.0 Si l'on s'avise qu'à l epoque Carolingienne le

24.0 3878.0 2046.0 171.0 monnayage de l'or a disparu, que le prêt à in¬

46.0 3971.0 2035.0 161.0 terêt est interdit, qu'il n'y a plus une classe

43.0 4083.0 2033.0 154.0 de marchands de profession, que l'importation

35.0 4188.0 2056.0 147.0 de produits orientaux a cessé : papyrus, soie,

14.0 4277.0 1985.0 178.0 épices, que la circulation monétaire est

21.0 4395.0 2042.0 157.0 réduite au minimum, que le savoir lire et

22.0 4481.0 1948.0 193.0 écrire ont disparu parmi les laïques, que

56.0 4588.0 1987.0 175.0 l'on ne trouve plus d organisation d'impôt,

57.0 4714.0 1996.0 150.0 que les villes ne sont plus que des forteresses, on

48.0 4807.0 1937.0 154.0 pourra décider sans crainte que l'on se

2347.0 466.0 1626.0 195.0 Il faut prendre garde d'admettre un

2235.0 544.0 1689.0 193.0 commerce là où ou donne un tonlieu, Voy.

2186.0 658.0 1605.0 180.0 un bon exemple ds Vogel, Normann, p

2179.0 743.0 1751.0 196.0 138 n. 2. En 856 le duc de Bretagne Erispoe

2166.0 834.0 1700.0 184.0 donne le tonlieu des bateaux de Nantes à

2168.0 918.0 1725.0 184.0 l'eveque. Or à cette époque son commerce est

2168.0 1040.0 1111.0 135.0 anéanti par les Normands.

2312.0 1374.0 1594.0 215.0 ou de quelque artiste ou érudit oriental

2257.0 1525.0 1090.0 144.0 à la cour carolringienne

2252.0 2310.0 1635.0 255.0 Il y a donc ici une question de méthode.

2218.0 2415.0 1578.0 285.0 Qu'importe (Lot-Vercauteren) que Offa

2221.0 2530.0 1642.0 226.0 ait encore frappé quelques pièces d'or.
