3960 5049
3345.0 92.0 496.0 242.0 153

109.0 69.0 1939.0 131.0 que de commerce régulier". C'est pour

99.0 159.0 1982.0 133.0 cela qu'ils n'ont pas aidé l'empereur à dé¬

95.0 245.0 1967.0 145.0 fendre la Sicile. Leur politique a été celle des

96.0 342.0 2024.0 175.0 Hollandais au Japon au XVIIe siècle. D'ailleurs

91.0 451.0 1992.0 152.0 avec qui auraient-ils pu faire le commerce

75.0 541.0 2031.0 170.0 s'ils avaient négligé les côtes musulmanes ?

77.0 633.0 1432.0 174.0 L'Orient appartenait à Venise.

1658.0 712.0 352.0 85.0 chrétienne

101.0 760.0 1990.0 146.0 Résumons nous, La méditerranée est donc

92.0 866.0 1957.0 173.0 divisée en deux bassins : l'Est et l'Ouest en

79.0 972.0 1940.0 157.0 tourés par les pays de l'Islam. Ceux-ci, la

94.0 1097.0 2008.0 144.0 guerre de conquête ayant fini à la fin du IXe

87.0 1182.0 1991.0 126.0 siecle, forment un monde à part qui se suf¬

85.0 1251.0 2087.0 179.0 fit et s'oriente vers Bagdad. C'est vers ce point

84.0 1361.0 2001.0 179.0 central que s acheminent les caravanes de l'A¬

68.0 1457.0 2065.0 181.0 sie et la grande route qui par la Volga abou¬

67.0 1559.0 2003.0 168.0 tit à la Baltique. C'est de là que les produits

74.0 1658.0 1994.0 168.0 rayonnent vers l'Afrique et l'Espagne. Au¬

87.0 1758.0 2003.0 147.0 cun commerce fait par les Musulmans eux m.

94.0 1855.0 1969.0 138.0 avec les chrétiens. Mais ils ne se ferment pas à

75.0 1944.0 1972.0 170.0 ceux-ci. Ils les laissent venir dans leurs ports, y

73.0 2053.0 2000.0 130.0 apporter leurs esclaves et leurs bois et en rapor¬

71.0 2143.0 1258.0 171.0 ter ce qu ils veulent acheter.

68.0 2253.0 2035.0 157.0 l'activité de la navigation chrétienne ne se con¬

86.0 2359.0 1967.0 150.0 tinue d'ailleurs qu'à l'Orient sauf la pointe

77.0 2463.0 2050.0 133.0 avancée de l'Italie du Sud. Là, encore uns fois,

96.0 2559.0 1982.0 131.0 Byzance a empêché la maîtrise de la mer

80.0 2659.0 1979.0 134.0 sur l'Islam. Les bateaux continuent à cir¬

76.0 2760.0 1997.0 166.0 culer de Venise, le long de la côte Adriatique,

87.0 2856.0 1984.0 163.0 de la côte grecque vers la grande ville du Bos¬

78.0 2968.0 1988.0 151.0 phore. Et ils ne se font pas faute de visiter par

78.0 3074.0 1981.0 148.0 surcroit les ports musulmans d'Asie Mi¬

79.0 3174.0 1947.0 181.0 neure, d'Egypte, d Afrique, de Sicile et s. d.

90.0 3296.0 1990.0 154.0 d'Espagne. La prospérité de plus en plus grande

71.0 3381.0 2062.0 168.0 des pays musulmans une fois passée la période

79.0 3490.0 2080.0 157.0 d'expansion aura tourné à leur avantage.

95.0 3594.0 1990.0 152.0 Grâce à tout cela, il se maintient dans ces con¬

87.0 3701.0 2004.0 153.0 trées une civilisation avancée avec villes, mon¬

74.0 3793.0 1954.0 173.0 naie d'or, marchands de profession, bref une

81.0 3891.0 2055.0 207.0 civilisation qui continue à reposer sur ses bâ¬

83.0 4013.0 575.0 182.0 ses antiques.

76.0 4137.0 1956.0 148.0 A l'Occident au contraire, la côte chrétienne

71.0 4229.0 2049.0 194.0 du golfe de Lyon et de la rivière jusqu'à l'em¬

64.0 4323.0 1989.0 204.0 bouchure du Tibre ravagée par la guerre et la

89.0 4451.0 2008.0 205.0 piraterie auxquelles n'ayant pas de flotte elle

63.0 4555.0 2019.0 193.0 n'a pu résister, n'est plus qu'un désert et qu'un

59.0 4655.0 1939.0 192.0 objectif de piraterie. Les ports sont désertés, les

78.0 4767.0 2004.0 171.0 villes sont mortes. Le lien est coupé avec l'Orient
