4090 5056
3609.0 109.0 324.0 177.0 59

181.0 21.0 1956.0 181.0 cite un syrien dirigeant un atelier mo¬

156.0 147.0 1977.0 143.0 nétaire mérovingien au VIe s. Grégoire VII.

160.0 252.0 2019.0 144.0 22 p. 304 mentionne un pallium syricum

139.0 358.0 649.0 143.0 sur un autel.

151.0 417.0 1990.0 185.0 A VIe s. ils abondent dans le Sud de la Gaule.

147.0 543.0 2003.0 164.0 une vie de S. Césaire eveque d'Arles + 542 dit

143.0 661.0 1990.0 156.0 qu il composa pour le peuple des hymnes en

151.0 741.0 2003.0 160.0 grec et en latin. (SS Rer Merov. III 463). Il

750.0 859.0 274.0 85.0 quantite

118.0 863.0 2011.0 148.0 Il y en avait au Nord puisque Grégoire

147.0 952.0 2028.0 160.0 parle des marchands grecs d'Orléans qui s'a¬

151.0 1065.0 2066.0 135.0 vancent en chantant à la rencontre du roi.

151.0 1150.0 1974.0 177.0 D après la vie de Ste Geneviève (+512 ) S. Si¬

139.0 1255.0 1994.0 173.0 méon Stylite (+ 460 ) aurait interrogé

143.0 1381.0 2007.0 135.0 sur elle les negociatores euntes ac redeuntes

147.0 1483.0 1969.0 160.0 (de syria) (Rer Merov. III. 226) ce qui serait

160.0 1601.0 1349.0 139.0 d'après Krusch"non credibile".

143.0 1676.0 2121.0 194.0 Mais à côté de ces marchands allant et venant

151.0 1811.0 1940.0 160.0 il y en avait beaucoup qui s'etablissaient.

147.0 1938.0 2062.0 168.0 Leblanc Inscript I 207. 322 nous le prouve par

156.0 2051.0 1960.0 161.0 leur mention dans des inscriptions. Il y en a

143.0 2157.0 1956.0 151.0 une qui provient de la Chapelle S. Eloi dans

151.0 2249.0 2003.0 186.0 l'Eure (I p. 205 n°125) donc à l'embouchure

143.0 2367.0 1990.0 165.0 de la Seine où il faisait sans doute le com¬

143.0 2506.0 1109.0 118.0 merce avec la Bretagne.

151.0 2574.0 1940.0 194.0 Il y avait parmi eux des gens très riches se

143.0 2692.0 2041.0 168.0 fixant dans le pays après fortune faite. Tel cet

147.0 2785.0 2054.0 193.0 Eufron negociator à Bordeaux dont Grégoire

139.0 2907.0 2070.0 164.0 nous raconte l'histoire VII. 31. Il a une grande

134.0 2995.0 2054.0 169.0 maison dans laquelle se trouve une chapelle

139.0 3088.0 2074.0 181.0 contenant des reliques. Il offre 100 puis 200 sous

134.0 3193.0 2092.0 186.0 d'Or comme un sou pour qu'on ne les lui prenne

130.0 3336.0 194.0 110.0 pas.

143.0 3404.0 2058.0 189.0 Tel encore à Paris Eusebius negotiator ge¬

139.0 3539.0 2099.0 181.0 nere Syrus (Greg. X 26 p. 438) qui à force d'or

139.0 3615.0 2053.0 189.0 achète la dignité épiscopale. Puis unissant

134.0 3737.0 1982.0 164.0 la scola de son prédécesseur, il constitue la

130.0 3842.0 1965.0 215.0 sienne de Syros de genere suo qui donc abon¬

139.0 3952.0 329.0 172.0 daient

147.0 3994.0 2070.0 265.0 Mais naturellement ils grouillaient Surtout

134.0 4171.0 2016.0 198.0 dans le Sud. D'après le concile de Narbonne

122.0 4280.0 1935.0 211.0 en 589 (Mansi IX. 1015.1017) la population y

130.0 4407.0 1927.0 189.0 est composée de Goths, de Romains, de Juifs, de

130.0 4558.0 831.0 144.0 Grecs et de Syriens.

177.0 4626.0 1914.0 198.0 Le hasard nous a refusé de semblables

151.0 4773.0 2109.0 177.0 renseignements pour l'Italie, l Afrique et l'Es¬

2255.0 1849.0 1729.0 245.0 (Nos 225.613) Cf Acad Inscr. 1916 p 431

2314.0 2780.0 1535.0 245.0 Voir l'analogue à l'ép. Carol.
