4042 5032
3626 50 248 331 6

71 79 1070 122 ayant cours partout

92 167 2019 147 On sait que depuis Dioclétien il y a eu un flé¬

58 268 1960 151 chissement économique général. Mais il

58 377 2002 176 parait certain que le IVe siecle a vu un re¬

54 499 2002 155 dressement, une plus active circulation

58 637 609 88 monétaire

113 725 1952 138 autour de cet Empire entouré de barbares

58 859 1986 130 il a suffi pendant longtemps de la garde des

62 956 1956 163 légions aux frontières: le long du Sahara,

50 1052 1989 164 sur l'Euphrate, sur le Danube, sur le Rhin.

50 1174 1985 130 Mais derrière la digue l'eau s accumule. Au

58 1291 2007 143 IIIe s. les troubles civils aidant, il y a des fissu¬

58 1404 1994 130 res, puis des brèches. De toute part, c'est une

50 1501 2010 167 irruption de Francs, d'Alamans, de Goths qui

58 1614 1944 159 pillent la Gaule, la Rhetie, la Pannonie, la

50 1752 365 101 Thrace.

54 1828 2023 117 Le coup de balai des empereurs Auréliens re¬

50 1924 2044 147 foule tout cela et rétablit la frontière. Mais

50 2025 2040 159 du côté des Germains il ne suffit plus du li¬

41 2142 2053 130 mes. Il faut maintenant une résistance en

50 2260 2027 130 profondeur, des chemins de rocade. On forti¬

50 2365 2052 146 fie les villes de l'intérieur, ces villes qui sont

50 2495 1973 113 les centres nerveux de l'Empire. Rome et

41 2608 2066 130 Constantinople deviennent deux places fortes

58 2708 433 126 modèles.

67 2822 2006 134 Et il n'est plus question de se fermer aux bar¬

41 2922 2036 160 bares. La population diminue, le soldat devient

41 3056 2019 109 un mercenaire. On a besoin d'eux pour le tra¬

41 3140 2061 134 vail des champs et pour la troupe. Et ils en deman¬

41 3270 2019 126 dent pas mieux que de s'embaucher au service

41 3371 2003 134 de Rome. Ainsi, l'Empire sur ses frontières se

41 3480 2036 130 germanise par le sang, mais non pour le reste

33 3585 1738 130 car tout le qui y entre se romanise.

50 3694 1998 147 Tous les Germains qui y entrent, c'est pour le

37 3815 1994 126 servir en en jouissant. Ils ont pour lui le res¬

41 3920 1969 139 pect des barbares pour le civilisé. A peine ils y

41 4008 1990 147 sont, ils prennent sa langue et aussi sa reli¬

58 4126 2019 130 gion. C'est à dire le Christianisme depuis le

58 4235 2015 130 4e siecle et en se christianisant, en perdant leurs

50 4340 1989 130 Dieux nationaux, en frequentant les mêmes

50 4453 1670 130 eglises, ils se romanisent davantage.

50 4562 1922 142 Bientôt l'armée presque tout entière sera

50 4675 1973 134 recrutée de barbares et beaucoup d'entre eux

58 4772 2326 146 feront carrière. Il suffit de citer ici Stilicon (Vandale).

2211 1907 1566 202 L'attitude défensive (Voir pl haut).

2211 3442 1646 243 Cepend. en 370 une loi des Valentiniens et Valens

2195 3564 1716 226 interdit mariages entre provintiales et genti¬

2190 3748 932 139 les, Lot, Invas. p. 168.

2211 3836 680 122 sous peine de mort.

2232 3996 1717 214 Ça  commence surtout sous Theodose (Albertini,

2178 4105 1658 222 p. 385) Sous lui déja Arbogast est maître des

2186 4289 323 243 soldats.

2363 4482 957 164 Gainas (Goth) albert p. 412.

2149 4679 629 105 Add Ricimer.
