4090 5056
3585.0 78.0 411.0 202.0 68

140.0 61.0 2011.0 120.0 Un autre article de grande consoma¬

129.0 157.0 1998.0 126.0 tion venant de l'Orient est le papyrus d'E¬

117.0 247.0 2035.0 143.0 gypte. Elle a le monopole de fournir dans tout

126.0 339.0 2017.0 141.0 L'Empire le matériel courant de l'écriture,

120.0 435.0 2082.0 138.0 le parchemin étant réserve aux écrits de luxe.

115.0 525.0 2028.0 161.0 Or après les invasions comme avant elles, la

112.0 620.0 2052.0 158.0 pratique de l'écriture s'est conservée dans

123.0 727.0 2023.0 143.0 tout l'Occident. Elle fait partie de la vie

104.0 819.0 2064.0 169.0 sociale. Toute la vie juridique, toute la vie

115.0 932.0 2098.0 163.0 administrative, je veux dire le fonctionnement

126.0 1028.0 2056.0 174.0 d l'Etat la suppose, ainsi que les relations so¬

120.0 1129.0 2116.0 185.0 ciales. Les marchands ont de commis, des mer¬

134.0 1233.0 2071.0 196.0 cenarii litterati. Il faut ds masses de parche¬

123.0 1345.0 2073.0 194.0 min pour la tenue des registres du fisc, les no¬

137.0 1457.0 2070.0 189.0 taires des tribunaux, les correspondances pri¬

129.0 1561.0 2042.0 188.0 vées. Un monastère comme celui de Corbie

134.0 1690.0 2017.0 161.0 consomme par an, on l'a vu, 50 Tomi de

134.0 1800.0 2031.0 176.0 carta qu'il prélève au cellarium fisci. Ma¬

143.0 1912.0 2005.0 149.0 nifestement c'est par chargements que cette

143.0 2008.0 2109.0 170.0 denrée se déverse sur les quais des ports. L'a¬

1692.0 2088.0 311.0 82.0 de Nantes

134.0 2123.0 2040.0 183.0 postrophe de Grégoire à son collègue dont les

152.0 2224.0 2030.0 184.0 injures ne pourraient être inscrites sur le

140.0 2334.0 2048.0 176.0 papyrus qu'on débarque au port de Mar¬

146.0 2439.0 2050.0 159.0 seille est une preuve frappante de l'abon¬

145.0 2558.0 2037.0 145.0 dance des arrivages. D'ailleurs on employ¬

110.0 2651.0 2055.0 161.0 ait encore le papyrus pour la confection de

129.0 2752.0 2039.0 176.0 mêches de chandelles et aussi, semble-t-il,

143.0 2858.0 2062.0 147.0 pour, après l avoir huilé, en garnir les parois

148.0 2960.0 1984.0 150.0 des lanternes. le fait qu'on pouvait s'en

151.0 3075.0 2003.0 132.0 approvisionner aux boutiques de Cambrai

148.0 3162.0 1989.0 191.0 atteste qu'il s'en trouvait dans tout le

144.0 3289.0 2052.0 146.0 pays. C'était donc un objet de grande consom¬

149.0 3395.0 2022.0 156.0 mation et la matière, par conséquent d'un

160.0 3511.0 2045.0 158.0 commerce au gros rayonnant d'Alexandrie

148.0 3604.0 2057.0 176.0 dans toute la mer Tyrrhénienne. On sait que

152.0 3733.0 1926.0 148.0 nous en avons encore la preuve matérielle

147.0 3828.0 2001.0 155.0 dans les beaux diplômes royaux conservés aux

153.0 3935.0 1936.0 165.0 archives de Paris et dans quelques fragments

154.0 4019.0 1930.0 185.0 de chartes privées débris des innombrables

121.0 4123.0 1985.0 177.0 Scrinia dans lesquels les particuliers conser¬

151.0 4238.0 1919.0 154.0 vaient leurs papiers d'affaires et leur corres¬

162.0 4327.0 1899.0 160.0 pondance, comme les villes gardaient leurs

148.0 4443.0 1925.0 146.0 gesta municipalia. La fragilité du papyrus

119.0 4532.0 2001.0 145.0 dans les climats du Nord explique facilement

151.0 4627.0 1995.0 166.0 a peu qu'il en reste ce qui ne doit pas nous

146.0 4736.0 2002.0 171.0 faire illusion sur la quantité de ce qu'il en

154.0 4849.0 2051.0 168.0 a existé. Et le nombre de renseignmts que

2217.0 2101.0 628.0 143.0 Voy texte p.69.
