<?xml version="1.0" encoding="UTF-8"?>
<alto xmlns:xsi="http://www.w3.org/2001/XMLSchema-instance"
      xmlns="http://www.loc.gov/standards/alto/ns-v4#"
      xsi:schemaLocation="http://www.loc.gov/standards/alto/ns-v4# http://www.loc.gov/standards/alto/v4/alto-4-2.xsd">
  <Description>
    <MeasurementUnit>pixel</MeasurementUnit>
    <sourceImageInformation>
      <fileName>Image00129.tif</fileName>
    </sourceImageInformation>
  </Description>
  <Tags>
    <OtherTag ID="BT1" LABEL="Title" DESCRIPTION="block type Title"/><OtherTag ID="BT2" LABEL="Main" DESCRIPTION="block type Main"/><OtherTag ID="BT3" LABEL="Commentary" DESCRIPTION="block type Commentary"/><OtherTag ID="BT4" LABEL="Illustration" DESCRIPTION="block type Illustration"/><OtherTag ID="BT138" LABEL="TitlePageZone" DESCRIPTION="block type TitlePageZone"/><OtherTag ID="BT139" LABEL="MainZone" DESCRIPTION="block type MainZone"/><OtherTag ID="BT140" LABEL="MarginTextZone" DESCRIPTION="block type MarginTextZone"/><OtherTag ID="BT141" LABEL="NumberingZone" DESCRIPTION="block type NumberingZone"/><OtherTag ID="BT142" LABEL="CustomZone:Numbering" DESCRIPTION="block type CustomZone:Numbering"/>
    <OtherTag ID="LT80" LABEL="DefaultLine" DESCRIPTION="line type DefaultLine"/><OtherTag ID="LT81" LABEL="InterlinearLine:correction" DESCRIPTION="line type InterlinearLine:correction"/><OtherTag ID="LT82" LABEL="InterlinearLine:addition" DESCRIPTION="line type InterlinearLine:addition"/><OtherTag ID="LT83" LABEL="HeadingLine" DESCRIPTION="line type HeadingLine"/>
  </Tags>
  <Layout>
    <Page WIDTH="3960"
          HEIGHT="5049"
          PHYSICAL_IMG_NR="128"
          ID="eSc_dummypage_">
      <PrintSpace HPOS="0"
                  VPOS="0"
                  WIDTH="3960"
                  HEIGHT="5049">
        <TextBlock HPOS="3412.0"
                   VPOS="34.0"
                   WIDTH="529.0"
                   HEIGHT="260.0"
                   ID="eSc_textblock_64993071"
                   TAGREFS="BT141">
          <Shape><Polygon POINTS="3941 71 3883 294 3412 271 3521 34"/></Shape>
          <TextLine ID="eSc_line_4e7a51a6"
                    TAGREFS="LT80"
                    BASELINE="3484 148 3879 187" 
                    HPOS="3430.0"
                    VPOS="10.0"
                    WIDTH="517.0"
                    HEIGHT="263.0">
            <Shape><Polygon POINTS="3947 72 3838 273 3430 261 3526 10"/></Shape>
	    <String CONTENT="125"
                    HPOS="3430.0"
                    VPOS="10.0"
                    WIDTH="517.0"
                    HEIGHT="263.0"></String>
          </TextLine>
        </TextBlock>
        <TextBlock HPOS="44.0"
                   VPOS="33.0"
                   WIDTH="3916.0"
                   HEIGHT="5013.0"
                   ID="eSc_textblock_88f90783"
                   TAGREFS="BT139">
          <Shape><Polygon POINTS="1972 33 2051 165 2130 201 2051 1590 2132 1941 2114 2020 2085 2128 2069 2191 2034 2290 2053 2355 2091 2420 2106 2481 2121 2543 2138 2587 2146 2632 2107 2670 2096 2757 2155 2816 2172 2872 2142 2914 2094 2967 2006 3035 2062 3119 2138 3314 2044 3481 1866 3552 1878 3608 2028 3592 2061 3840 3945 3756 3960 3850 3769 3980 3179 4021 2853 4044 2177 4092 2186 4417 2118 4544 2062 4855 2029 4933 1916 4990 1479 5034 145 5046 168 5004 101 4945 44 3172 44 145 56 78 123 56 530 33"/></Shape>
          <TextLine ID="eSc_line_dd488f67"
                    TAGREFS="LT80"
                    BASELINE="82 120 144 149 225 173 488 182 586 165 1226 117 1975 89" 
                    HPOS="78.0"
                    VPOS="33.0"
                    WIDTH="1897.0"
                    HEIGHT="171.0">
            <Shape><Polygon POINTS="1916 33 1874 47 1843 56 1832 47 1813 33 1810 33 1807 33 1804 33 1801 33 1770 50 1748 61 1675 53 1650 50 1647 50 1610 56 1487 58 1408 61 1324 47 1321 47 1319 47 1316 47 1316 50 1299 64 1285 75 1251 64 1226 58 1223 58 1220 58 1218 58 1215 58 1215 61 1206 67 1195 78 1173 67 1164 64 1161 64 1159 64 1156 64 1153 64 1147 67 1111 92 985 95 945 72 931 64 928 64 926 64 923 64 858 99 805 121 754 102 739 110 724 145 678 149 695 95 679 100 652 153 621 156 623 136 625 119 609 117 594 121 587 123 578 127 568 126 556 127 550 126 528 130 497 125 479 86 471 84 468 84 465 84 463 84 460 84 454 89 391 99 269 126 179 98 176 98 137 60 78 100 81 143 84 155 208 189 339 204 513 196 516 196 519 196 544 192 597 193 600 193 603 193 787 168 967 170 1003 180 1025 187 1052 173 1055 173 1055 171 1058 171 1072 151 1122 148 1181 168 1184 168 1187 168 1189 168 1257 137 1344 137 1366 154 1369 154 1372 154 1375 154 1378 154 1414 134 1641 126 1825 147 1838 140 1975 106 1975 89 1970 42 1942 33 1925 33"/></Shape>
	    <String CONTENT="drumète. C&#x27;est celle qui fut vaincue. Après"
                    HPOS="78.0"
                    VPOS="33.0"
                    WIDTH="1897.0"
                    HEIGHT="171.0"></String>
          </TextLine>
          <TextLine ID="eSc_line_b46da926"
                    TAGREFS="LT82"
                    BASELINE="505 86 871 65" 
                    HPOS="499.0"
                    VPOS="33.0"
                    WIDTH="387.0"
                    HEIGHT="86.0">
            <Shape><Polygon POINTS="724 33 696 33 667 33 639 33 631 33 499 42 505 86 529 119 708 88 831 103 886 34 819 33"/></Shape>
	    <String CONTENT="(Sousse :)"
                    HPOS="499.0"
                    VPOS="33.0"
                    WIDTH="387.0"
                    HEIGHT="86.0"></String>
          </TextLine>
          <TextLine ID="eSc_line_2fd7f071"
                    TAGREFS="LT80"
                    BASELINE="58 223 192 252 292 262 384 257 754 244 1950 173" 
                    HPOS="44.0"
                    VPOS="129.0"
                    WIDTH="1911.0"
                    HEIGHT="194.0">
            <Shape><Polygon POINTS="56 281 289 283 345 323 437 297 864 278 987 263 990 263 1004 286 1023 294 1039 261 1051 251 1073 251 1107 249 1246 238 1370 238 1411 247 1552 218 1580 235 1582 235 1585 235 1588 235 1947 196 1952 192 1955 180 1939 160 1935 149 1923 137 1901 129 1881 141 1873 154 1824 162 1806 160 1779 155 1752 139 1729 145 1690 159 1684 162 1660 173 1634 164 1602 154 1599 154 1578 144 1551 144 1527 154 1512 156 1499 158 1479 157 1470 162 1462 159 1442 148 1439 148 1436 148 1363 162 1361 162 1345 165 1319 156 1299 160 1284 169 1275 168 1264 169 1260 168 1246 176 1189 176 1178 171 1145 151 1142 151 1139 151 1136 151 1091 173 1076 188 1034 195 1022 186 1012 180 1002 178 990 177 979 178 948 187 900 182 861 176 858 176 521 201 493 237 420 234 406 224 354 248 290 240 300 217 283 215 263 243 238 250 223 219 214 207 190 236 139 220 84 196 58 193 56 193 53 193 53 196 50 196 44 201 47 252"/></Shape>
	    <String CONTENT="quoi la forteresse de Djeloula fut enlevée"
                    HPOS="44.0"
                    VPOS="129.0"
                    WIDTH="1911.0"
                    HEIGHT="194.0"></String>
          </TextLine>
          <TextLine ID="eSc_line_6a674647"
                    TAGREFS="LT80"
                    BASELINE="66 309 112 330 162 347 220 353 541 357 687 342 1220 302 2126 265" 
                    HPOS="48.0"
                    VPOS="186.0"
                    WIDTH="2094.0"
                    HEIGHT="200.0">
            <Shape><Polygon POINTS="82 352 48 319 60 290 91 284 170 286 241 314 306 315 343 328 391 328 519 302 544 283 558 283 578 300 634 286 639 286 918 293 940 294 955 293 969 295 983 293 995 285 1007 291 1023 295 1075 292 1153 295 1177 270 1190 269 1189 291 1320 276 1342 275 1341 249 1361 252 1369 277 1385 284 1414 278 1532 243 1581 249 1601 245 1612 236 1668 234 1703 241 1731 221 1742 221 1845 234 1885 238 1925 204 1936 204 1981 218 2003 199 2009 199 2137 186 2142 300 2104 300 2076 316 2074 316 1970 290 1882 314 1759 305 1692 316 1622 339 1554 339 1501 322 1484 319 1240 325 1212 336 1167 347 1159 347 1139 339 1128 333 1111 339 1046 361 1041 361 928 347 864 367 861 367 488 381 348 374 254 386"/></Shape>
	    <String CONTENT="et les envahisseurs se retirèrent (Julien, 318)"
                    HPOS="48.0"
                    VPOS="186.0"
                    WIDTH="2094.0"
                    HEIGHT="200.0"></String>
          </TextLine>
          <TextLine ID="eSc_line_219b3dbf"
                    TAGREFS="LT80"
                    BASELINE="70 395 149 432 150 432 281 448 429 452 662 437 2001 353" 
                    HPOS="50.0"
                    VPOS="297.0"
                    WIDTH="1951.0"
                    HEIGHT="191.0">
            <Shape><Polygon POINTS="350 488 353 488 356 488 409 471 457 482 460 482 463 482 726 454 895 460 898 460 900 460 1001 446 1249 432 1341 446 1427 411 1501 403 1560 423 1563 423 1566 423 1641 433 1667 414 1714 417 1714 415 1737 392 2001 375 2001 353 1998 316 1939 297 1936 297 1933 297 1889 327 1835 325 1821 330 1522 358 1482 337 1392 328 1389 328 1386 328 1383 328 1358 342 1355 345 1347 345 1285 330 1282 330 1279 330 1276 330 1251 346 962 380 621 383 470 409 335 385 178 389 106 356 80 350 50 404 68 454"/></Shape>
	    <String CONTENT="Il fallait arriver à parer à la fois aux parades"
                    HPOS="50.0"
                    VPOS="297.0"
                    WIDTH="1951.0"
                    HEIGHT="191.0"></String>
          </TextLine>
          <TextLine ID="eSc_line_a5d312a0"
                    TAGREFS="LT80"
                    BASELINE="58 502 282 548 498 549 2048 440" 
                    HPOS="58.0"
                    VPOS="378.0"
                    WIDTH="1990.0"
                    HEIGHT="217.0">
            <Shape><Polygon POINTS="2045 398 2003 378 2001 378 1998 378 1930 381 1928 381 1849 409 1832 415 1821 409 1787 395 1784 395 1782 395 1779 395 1776 395 1776 398 1756 412 1748 420 1728 415 1686 423 1669 419 1648 441 1633 449 1613 445 1589 448 1550 426 1490 425 1454 420 1430 418 1423 450 1417 447 1401 446 1384 455 1371 461 1358 466 1351 466 1334 461 1329 445 1325 447 1315 445 1308 447 1304 449 1298 450 1295 452 1283 457 1270 457 1271 448 1251 434 1243 429 1240 429 1237 429 1234 429 1232 429 1218 437 1181 454 915 469 878 463 787 470 519 487 362 519 250 490 77 458 58 502 61 530 136 549 185 586 188 586 190 586 227 579 308 563 454 572 457 572 600 563 603 563 606 563 606 561 609 561 617 549 627 592 644 595 673 569 802 538 851 550 926 544 1038 521 1094 535 1097 535 1100 535 1240 510 1439 516 1442 516 1445 516 1501 496 1571 504 1574 504 1577 504 1580 504 1608 485 1678 493 1681 493 1928 468 1975 479 1978 479 1981 479 1984 479 2048 457 2048 440"/></Shape>
	    <String CONTENT="des Byzantins qui tenaient les villes de la côte"
                    HPOS="58.0"
                    VPOS="378.0"
                    WIDTH="1990.0"
                    HEIGHT="217.0"></String>
          </TextLine>
          <TextLine ID="eSc_line_5147bc24"
                    TAGREFS="LT80"
                    BASELINE="53 586 174 622 479 642 1414 569 2045 552" 
                    HPOS="43.0"
                    VPOS="493.0"
                    WIDTH="2002.0"
                    HEIGHT="174.0">
            <Shape><Polygon POINTS="1971 500 1835 493 1832 493 1829 493 1827 493 1824 493 1776 516 1740 499 1737 499 1734 499 1630 502 1627 502 1624 502 1594 524 1552 510 1549 510 1531 501 1431 535 1330 535 1324 535 1262 518 1260 518 1257 518 1254 518 1251 518 1223 538 1212 546 1187 538 1139 524 1136 524 1133 524 1131 524 1128 524 1128 527 1111 541 1097 555 1052 561 951 551 905 568 888 570 874 578 855 573 832 562 807 570 785 578 680 572 661 575 650 585 645 588 635 599 629 605 608 597 592 590 571 584 548 583 536 569 533 569 362 589 312 578 285 581 261 579 229 596 202 598 186 587 130 562 93 546 44 560 43 628 104 626 192 652 283 667 286 667 659 659 976 629 1032 619 1052 614 1069 617 1128 631 1131 631 1133 631 1187 614 1220 603 1271 611 1299 614 1302 614 1327 608 1389 594 1465 603 1481 596 1513 598 1528 600 1555 593 1574 586 1622 600 1630 600 1633 600 1636 600 1639 600 1641 600 1641 597 1661 583 1734 591 1737 591 1740 591 1742 591 1765 577 1807 591 1810 591 1813 591 1818 591 1964 572 2043 583 2045 552 2037 516"/></Shape>
	    <String CONTENT="et contenir les Berbères du massif de l&#x27;Aurès."
                    HPOS="43.0"
                    VPOS="493.0"
                    WIDTH="2002.0"
                    HEIGHT="174.0"></String>
          </TextLine>
          <TextLine ID="eSc_line_873e729c"
                    TAGREFS="LT80"
                    BASELINE="65 674 144 703 382 743 582 736 1422 661 1987 647" 
                    HPOS="51.0"
                    VPOS="589.0"
                    WIDTH="1936.0"
                    HEIGHT="182.0">
            <Shape><Polygon POINTS="126 745 244 748 350 771 355 762 580 760 583 760 586 760 603 743 637 757 639 757 642 757 855 746 1001 712 1106 730 1202 705 1269 733 1355 690 1507 681 1596 681 1630 706 1633 706 1636 706 1671 715 1745 684 1790 701 1793 701 1796 701 1798 701 1801 701 1841 676 1953 684 1956 684 1958 684 1961 684 1987 661 1987 647 1984 608 1928 594 1925 594 1922 594 1919 594 1857 614 1846 617 1841 614 1807 600 1804 600 1801 600 1798 600 1759 614 1678 589 1675 589 1672 589 1669 589 1667 589 1619 619 1562 631 1513 608 1472 610 1442 600 1439 600 1436 600 1366 628 1358 631 1347 628 1290 614 1288 614 1285 614 1282 614 1243 631 1223 639 1136 633 1100 633 1097 633 1072 636 967 642 853 642 826 650 810 641 789 653 784 664 773 662 747 675 740 670 653 661 651 661 572 678 544 664 541 664 538 664 536 664 533 664 510 681 418 673 415 673 412 673 376 687 319 664 317 664 314 664 311 664 308 664 286 684 252 664 249 664 246 664 244 664 241 664 218 681 190 661 188 661 147 654 97 626 55 657 51 693"/></Shape>
	    <String CONTENT="Ce fut le but de Kairouan fondé en 670 par"
                    HPOS="51.0"
                    VPOS="589.0"
                    WIDTH="1936.0"
                    HEIGHT="182.0"></String>
          </TextLine>
          <TextLine ID="eSc_line_d28415fd"
                    TAGREFS="LT80"
                    BASELINE="77 774 220 829 332 833 583 816 1627 748 2059 732" 
                    HPOS="61.0"
                    VPOS="673.0"
                    WIDTH="1998.0"
                    HEIGHT="201.0">
            <Shape><Polygon POINTS="65 828 104 852 125 854 142 836 339 866 342 866 507 874 662 852 662 849 791 824 917 835 920 835 923 835 979 816 993 810 1007 813 1052 827 1055 827 1058 827 1060 827 1094 810 1097 807 1102 810 1125 821 1128 821 1131 821 1266 829 1345 799 1532 774 1554 788 1557 788 1560 788 1563 788 1566 788 1605 771 1658 788 1661 788 1664 788 1667 788 1669 788 1748 762 2059 771 2059 732 2057 695 2006 673 2003 673 2001 673 1998 673 1995 673 1953 701 1883 687 1880 687 1759 715 1675 719 1642 722 1610 689 1518 715 1504 723 1417 726 1403 720 1366 701 1363 701 1361 701 1358 701 1288 723 1256 741 1233 730 1206 706 1203 706 1201 706 1198 706 1195 706 1164 726 1136 746 1032 746 1010 732 993 720 990 720 987 720 985 720 982 720 937 728 917 757 656 768 614 748 611 748 609 748 560 781 514 781 494 785 463 763 445 760 412 773 400 783 379 790 359 776 305 773 297 754 294 754 291 754 289 754 286 754 283 757 255 774 230 760 130 752 103 730 61 762 64 799"/></Shape>
	    <String CONTENT="Ogba ben Nafi pour être &quot;la place d&#x27;armes&quot; de"
                    HPOS="61.0"
                    VPOS="673.0"
                    WIDTH="1998.0"
                    HEIGHT="201.0"></String>
          </TextLine>
          <TextLine ID="eSc_line_00ce9717"
                    TAGREFS="LT80"
                    BASELINE="68 880 159 900 224 919 264 919 416 941 642 917 1726 841 2037 830" 
                    HPOS="58.0"
                    VPOS="760.0"
                    WIDTH="1979.0"
                    HEIGHT="241.0">
            <Shape><Polygon POINTS="92 918 353 956 409 972 429 1001 455 993 504 955 536 953 611 975 642 967 645 967 743 922 749 920 752 922 771 936 774 936 777 936 780 936 783 936 850 920 996 948 999 948 1001 948 1077 925 1213 953 1243 934 1246 934 1248 934 1248 931 1279 903 1352 894 1436 922 1439 922 1440 922 1445 922 1448 922 1448 920 1493 880 1495 877 1498 880 1560 911 1563 911 1566 914 1619 914 1619 911 1622 911 1624 911 1678 869 1683 869 1720 880 1723 880 1726 880 1728 880 1731 880 1731 877 1745 866 1748 861 1838 858 1846 861 1928 894 1930 894 1933 894 1936 894 2037 849 2037 830 2026 760 1972 788 1877 771 1874 771 1871 771 1869 771 1827 802 1776 802 1745 776 1742 776 1740 776 1737 776 1667 796 1588 779 1585 779 1582 779 1582 782 1580 782 1554 807 1535 799 1532 799 1529 799 1526 799 1425 830 1385 813 1364 813 1334 814 1312 819 1299 829 1289 839 1272 841 1236 842 1095 835 987 852 924 838 896 849 872 852 855 854 838 845 831 846 793 849 755 845 645 874 554 884 447 907 342 883 140 844 130 872 102 851 75 856 58 903"/></Shape>
	    <String CONTENT="l Islam jusqu&#x27;à la fin des temps (Julien 319)"
                    HPOS="58.0"
                    VPOS="760.0"
                    WIDTH="1979.0"
                    HEIGHT="241.0"></String>
          </TextLine>
          <TextLine ID="eSc_line_c776563d"
                    TAGREFS="LT80"
                    BASELINE="64 957 127 994 218 1031 222 1033 362 1036 496 1026 1970 934" 
                    HPOS="50.0"
                    VPOS="877.0"
                    WIDTH="1920.0"
                    HEIGHT="191.0">
            <Shape><Polygon POINTS="144 1037 218 1066 305 1068 308 1068 311 1068 429 1063 684 1046 687 1046 743 1026 1145 1026 1145 1023 1147 1023 1187 1001 1215 1018 1218 1018 1220 1018 1223 1018 1226 1018 1229 1018 1251 1004 1335 1012 1338 1012 1341 1012 1344 1012 1369 992 1450 998 1453 998 1456 998 1459 998 1479 984 1574 995 1577 995 1580 995 1582 995 1613 976 1697 984 1700 984 1703 984 1706 984 1706 981 1723 964 1967 950 1970 934 1947 901 1877 883 1874 883 1871 883 1869 883 1853 885 1848 884 1834 887 1787 877 1784 877 1782 877 1779 877 1706 897 1683 895 1670 894 1659 886 1648 898 1638 904 1625 914 1594 922 1566 908 1543 900 1540 900 1537 900 1535 900 1532 900 1515 911 1484 928 1447 928 1420 925 1403 897 1400 897 1397 897 1355 920 1276 942 1206 963 980 960 959 942 957 942 940 956 785 953 783 953 661 980 634 971 620 976 600 996 571 994 554 989 488 980 441 1010 415 1007 410 984 396 978 228 959 91 923 52 949 50 1024"/></Shape>
	    <String CONTENT="De là, raids et massacres contre les Berbères"
                    HPOS="50.0"
                    VPOS="877.0"
                    WIDTH="1920.0"
                    HEIGHT="191.0"></String>
          </TextLine>
          <TextLine ID="eSc_line_f35638cc"
                    TAGREFS="LT80"
                    BASELINE="72 1093 203 1113 314 1133 490 1129 637 1113 2015 1029" 
                    HPOS="53.0"
                    VPOS="981.0"
                    WIDTH="1962.0"
                    HEIGHT="189.0">
            <Shape><Polygon POINTS="61 1144 86 1145 115 1117 246 1153 558 1152 561 1152 589 1133 606 1147 609 1147 611 1147 614 1147 747 1170 940 1110 957 1107 968 1110 1046 1127 1049 1127 1260 1102 1465 1107 1467 1107 1470 1107 1540 1079 1650 1074 1748 1068 1754 1068 1824 1088 1827 1088 1829 1088 1832 1088 1835 1088 1863 1065 1939 1060 1972 1074 1975 1074 1978 1074 1981 1074 2015 1054 2015 1029 2012 992 1925 981 1922 981 1919 981 1916 981 1916 984 1914 984 1905 995 1902 1001 1835 1004 1807 1001 1748 990 1745 990 1672 1006 1610 1021 1338 1021 1307 1021 1305 1021 1288 1021 1069 1046 1046 1032 1041 1026 1038 1026 1035 1026 1032 1026 1029 1026 1013 1032 971 1049 914 1037 900 1035 898 1035 895 1035 892 1035 892 1037 889 1037 878 1054 729 1063 645 1059 616 1065 591 1072 569 1065 440 1077 249 1069 213 1080 182 1053 75 1048 53 1105"/></Shape>
	    <String CONTENT="qui tiennent toujours dans leurs montagnes."
                    HPOS="53.0"
                    VPOS="981.0"
                    WIDTH="1962.0"
                    HEIGHT="189.0"></String>
          </TextLine>
          <TextLine ID="eSc_line_9ee15dc2"
                    TAGREFS="LT80"
                    BASELINE="59 1177 304 1229 589 1226 2026 1113" 
                    HPOS="52.0"
                    VPOS="1071.0"
                    WIDTH="1974.0"
                    HEIGHT="218.0">
            <Shape><Polygon POINTS="283 1245 318 1247 343 1242 361 1241 349 1287 361 1289 385 1252 527 1251 551 1268 671 1246 986 1220 1072 1228 1074 1228 1077 1228 1173 1208 1316 1201 1351 1219 1359 1223 1425 1187 1602 1186 1605 1186 1608 1186 1610 1186 1633 1169 1647 1183 1650 1183 1653 1183 1655 1183 1658 1183 1756 1155 1829 1180 1832 1180 1835 1180 1838 1180 1841 1180 1891 1147 2023 1136 2026 1113 2007 1071 1919 1085 1887 1082 1875 1080 1860 1079 1846 1091 1829 1097 1815 1093 1782 1074 1779 1074 1776 1074 1773 1074 1653 1105 1636 1093 1633 1093 1630 1093 1627 1093 1624 1093 1622 1093 1622 1096 1587 1086 1532 1096 1529 1096 1526 1096 1462 1134 1330 1107 1327 1107 1324 1107 1321 1107 1273 1128 995 1130 962 1130 959 1130 913 1164 722 1185 294 1181 104 1124 56 1186 52 1228"/></Shape>
	    <String CONTENT="En 681 Ogba pousse en un raid formidable jus¬"
                    HPOS="52.0"
                    VPOS="1071.0"
                    WIDTH="1974.0"
                    HEIGHT="218.0"></String>
          </TextLine>
          <TextLine ID="eSc_line_36d4121d"
                    TAGREFS="LT80"
                    BASELINE="72 1283 139 1289 195 1320 228 1304 229 1304 274 1322 471 1331 654 1326 1288 1259 2023 1214" 
                    HPOS="53.0"
                    VPOS="1155.0"
                    WIDTH="1970.0"
                    HEIGHT="238.0">
            <Shape><Polygon POINTS="53 1346 73 1351 112 1319 185 1339 291 1363 609 1345 607 1393 861 1332 936 1316 1027 1316 1066 1318 1184 1287 1187 1287 1189 1287 1268 1309 1271 1309 1274 1309 1406 1279 1459 1287 1462 1287 2023 1239 2023 1214 2020 1178 1894 1155 1870 1163 1846 1185 1819 1204 1810 1217 1795 1213 1796 1199 1784 1186 1745 1172 1742 1172 1740 1172 1737 1172 1683 1192 1650 1195 1599 1194 1548 1199 1521 1183 1518 1183 1501 1198 1425 1190 1380 1236 1348 1225 1330 1203 1327 1203 1324 1203 1321 1203 1321 1206 1319 1206 1319 1208 1305 1222 1154 1224 1121 1233 1077 1244 1064 1247 1027 1228 959 1242 932 1241 903 1236 877 1242 852 1252 820 1270 814 1265 777 1274 609 1261 568 1268 540 1297 528 1302 498 1296 463 1300 407 1307 403 1281 390 1279 371 1300 357 1294 348 1283 329 1290 312 1286 307 1270 297 1253 294 1253 291 1253 289 1253 199 1256 196 1256 193 1256 164 1246 75 1253 53 1321"/></Shape>
	    <String CONTENT="qu&#x27;à l&#x27;Atlantique. Mais une réaction des Ber¬"
                    HPOS="53.0"
                    VPOS="1155.0"
                    WIDTH="1970.0"
                    HEIGHT="238.0"></String>
          </TextLine>
          <TextLine ID="eSc_line_8d164caf"
                    TAGREFS="LT80"
                    BASELINE="79 1364 153 1398 230 1417 355 1428 495 1432 586 1413 1313 1354 2037 1323" 
                    HPOS="72.0"
                    VPOS="1272.0"
                    WIDTH="1965.0"
                    HEIGHT="189.0">
            <Shape><Polygon POINTS="185 1436 221 1452 224 1452 227 1452 230 1452 261 1441 277 1455 280 1455 283 1455 286 1455 289 1455 424 1450 505 1461 594 1441 597 1441 861 1427 864 1427 895 1410 917 1424 920 1424 923 1424 926 1424 1038 1402 1103 1426 1125 1416 1128 1416 1187 1394 1217 1389 1231 1393 1252 1393 1276 1389 1294 1387 1339 1383 1386 1391 1389 1391 1392 1391 1394 1391 1414 1374 1414 1371 1537 1363 1667 1363 1765 1385 1768 1385 1795 1374 1855 1352 2034 1343 2037 1323 2031 1281 1900 1272 1790 1290 1711 1273 1709 1273 1706 1273 1661 1293 1647 1301 1633 1295 1599 1279 1596 1279 1594 1279 1460 1307 1414 1287 1411 1287 1392 1304 1389 1307 1375 1304 1347 1298 1344 1298 1341 1298 1338 1298 1327 1307 1304 1326 1278 1315 1261 1323 1252 1326 1250 1328 1241 1332 1231 1335 1225 1333 1216 1326 1201 1318 1198 1318 1195 1318 1192 1318 1122 1335 1102 1333 1080 1324 1061 1321 1035 1333 1014 1343 1008 1346 987 1341 978 1342 957 1318 940 1312 937 1312 934 1312 931 1312 928 1312 920 1321 884 1349 637 1389 619 1392 606 1399 605 1381 608 1367 566 1354 447 1372 264 1385 203 1350 136 1345 111 1331 72 1354 73 1409"/></Shape>
	    <String CONTENT="bères et des Roums balaye tout cela. Le prince"
                    HPOS="72.0"
                    VPOS="1272.0"
                    WIDTH="1965.0"
                    HEIGHT="189.0"></String>
          </TextLine>
          <TextLine ID="eSc_line_399b52c4"
                    TAGREFS="LT80"
                    BASELINE="73 1465 355 1523 550 1506 1568 1430 2026 1410" 
                    HPOS="53.0"
                    VPOS="1352.0"
                    WIDTH="1973.0"
                    HEIGHT="214.0">
            <Shape><Polygon POINTS="1880 1352 1877 1352 1874 1352 1853 1374 1845 1385 1832 1395 1815 1387 1804 1381 1791 1381 1775 1397 1767 1402 1754 1396 1747 1390 1729 1387 1709 1394 1687 1393 1656 1401 1646 1400 1620 1394 1567 1403 1487 1410 1336 1395 1285 1410 1243 1405 1206 1397 1181 1408 1135 1424 1103 1440 1072 1438 1060 1427 994 1427 958 1421 909 1438 886 1450 857 1447 819 1451 796 1446 757 1444 715 1447 685 1445 673 1454 663 1457 640 1463 616 1473 555 1455 501 1466 428 1456 407 1453 372 1469 331 1477 314 1468 272 1447 217 1454 170 1441 103 1415 53 1467 63 1496 263 1528 317 1538 347 1566 375 1542 608 1531 628 1555 648 1550 661 1525 850 1509 909 1525 912 1525 914 1525 917 1525 973 1495 1086 1499 1119 1499 1276 1475 1333 1467 1507 1467 1664 1467 1667 1467 1669 1467 1689 1458 1720 1447 1796 1455 1815 1455 1818 1455 1835 1452 1950 1430 2023 1444 2026 1410 2020 1360"/></Shape>
	    <String CONTENT="berbere Kossayla entre à Kairouan et les Ber¬"
                    HPOS="53.0"
                    VPOS="1352.0"
                    WIDTH="1973.0"
                    HEIGHT="214.0"></String>
          </TextLine>
          <TextLine ID="eSc_line_92efd57b"
                    TAGREFS="LT80"
                    BASELINE="61 1534 267 1619 524 1605 1512 1522 1989 1503" 
                    HPOS="40.0"
                    VPOS="1450.0"
                    WIDTH="1949.0"
                    HEIGHT="219.0">
            <Shape><Polygon POINTS="85 1505 40 1557 108 1599 146 1605 217 1635 249 1669 299 1646 336 1635 406 1621 449 1635 451 1635 454 1635 1044 1598 1046 1598 1097 1576 1187 1582 1189 1582 1192 1582 1260 1565 1290 1556 1302 1562 1327 1573 1330 1573 1333 1573 1335 1573 1338 1573 1338 1570 1352 1559 1361 1551 1375 1559 1392 1565 1394 1565 1397 1565 1519 1552 1703 1540 1989 1525 1989 1503 1987 1464 1936 1450 1933 1450 1930 1450 1928 1450 1925 1450 1925 1452 1908 1469 1905 1469 1902 1469 1835 1458 1832 1458 1829 1458 1773 1475 1768 1475 1748 1458 1745 1458 1742 1458 1740 1458 1737 1458 1675 1478 1655 1483 1639 1481 1577 1474 1542 1466 1492 1478 1443 1472 1404 1485 1370 1492 1352 1488 1350 1484 1333 1488 1323 1488 1310 1493 1282 1492 1240 1509 1164 1511 1122 1511 1082 1503 1053 1513 1035 1515 1018 1519 990 1528 982 1528 900 1520 898 1520 895 1520 836 1537 813 1520 813 1517 730 1556 699 1569 706 1532 680 1529 665 1576 651 1574 459 1584 416 1577 364 1583 172 1521"/></Shape>
	    <String CONTENT="bères qui avaient embrasse l&#x27;Islam s&#x27;em¬"
                    HPOS="40.0"
                    VPOS="1450.0"
                    WIDTH="1949.0"
                    HEIGHT="219.0"></String>
          </TextLine>
          <TextLine ID="eSc_line_247c733f"
                    TAGREFS="LT80"
                    BASELINE="63 1631 200 1685 429 1703 690 1680 1044 1666 2012 1590" 
                    HPOS="44.0"
                    VPOS="1526.0"
                    WIDTH="1968.0"
                    HEIGHT="219.0">
            <Shape><Polygon POINTS="60 1688 211 1699 250 1709 336 1733 339 1733 342 1733 403 1717 465 1722 468 1722 471 1722 474 1722 533 1699 628 1727 631 1727 663 1745 788 1691 926 1711 952 1719 1209 1668 1248 1685 1251 1685 1254 1685 1257 1685 1293 1671 1336 1674 1391 1685 1424 1662 1523 1646 1588 1671 1591 1671 1594 1671 1645 1688 1676 1668 1728 1635 2009 1607 2012 1590 2006 1542 1938 1526 1914 1545 1871 1531 1869 1531 1866 1531 1863 1531 1827 1551 1807 1559 1793 1551 1784 1548 1782 1548 1779 1548 1776 1548 1773 1548 1768 1553 1740 1576 1692 1576 1655 1559 1639 1551 1636 1551 1633 1551 1630 1551 1602 1562 1566 1573 1540 1565 1509 1553 1507 1553 1504 1553 1501 1553 1498 1553 1498 1556 1484 1567 1473 1579 1453 1567 1428 1556 1425 1556 1422 1556 1420 1556 1417 1556 1397 1570 1358 1596 1279 1576 1271 1576 1268 1576 1265 1576 1262 1576 1215 1607 1063 1612 1039 1609 1025 1602 983 1606 936 1633 926 1629 918 1629 896 1630 843 1638 822 1626 797 1612 794 1612 791 1612 788 1612 785 1612 783 1612 783 1615 726 1626 689 1652 681 1635 669 1625 649 1632 638 1634 621 1648 612 1648 583 1640 515 1638 478 1642 453 1644 423 1655 404 1644 383 1645 271 1668 227 1674 209 1653 182 1629 174 1629 82 1602 47 1635 44 1657"/></Shape>
	    <String CONTENT="pressent d&#x27;abjurer (Julien 320). Les Byzantins"
                    HPOS="44.0"
                    VPOS="1526.0"
                    WIDTH="1968.0"
                    HEIGHT="219.0"></String>
          </TextLine>
          <TextLine ID="eSc_line_f7d61dd5"
                    TAGREFS="LT80"
                    BASELINE="78 1728 173 1760 212 1781 486 1789 625 1793 1995 1705" 
                    HPOS="53.0"
                    VPOS="1642.0"
                    WIDTH="1942.0"
                    HEIGHT="194.0">
            <Shape><Polygon POINTS="84 1797 112 1779 147 1785 182 1831 185 1831 188 1831 190 1831 272 1809 435 1826 614 1836 920 1789 951 1803 954 1803 957 1803 1077 1778 1139 1789 1142 1789 1145 1789 1147 1789 1189 1764 1324 1786 1327 1786 1330 1786 1333 1786 1333 1783 1352 1764 1591 1764 1591 1761 1594 1761 1653 1744 1703 1769 1706 1769 1709 1769 1711 1769 1714 1769 1714 1767 1740 1741 1995 1725 1995 1705 1987 1654 1817 1667 1759 1660 1745 1657 1742 1657 1733 1642 1728 1642 1725 1645 1711 1657 1701 1682 1674 1691 1646 1691 1638 1693 1588 1694 1504 1671 1473 1663 1470 1663 1467 1663 1465 1663 1462 1663 1420 1673 1400 1702 1367 1697 1355 1671 1352 1671 1349 1671 1347 1671 1344 1671 1305 1693 1265 1687 1178 1683 1175 1683 1173 1683 1170 1683 1167 1683 1164 1683 1080 1716 1051 1723 1039 1708 1023 1707 990 1720 971 1731 953 1739 936 1730 925 1720 883 1717 853 1724 827 1717 653 1755 561 1741 446 1741 341 1731 293 1731 248 1715 211 1708 107 1701 53 1725 53 1767 55 1794"/></Shape>
	    <String CONTENT="que Julien me paraît tout à fait sacrifier en"
                    HPOS="53.0"
                    VPOS="1642.0"
                    WIDTH="1942.0"
                    HEIGHT="194.0"></String>
          </TextLine>
          <TextLine ID="eSc_line_1619e3bd"
                    TAGREFS="LT80"
                    BASELINE="68 1829 203 1876 393 1895 620 1879 2068 1800" 
                    HPOS="51.0"
                    VPOS="1750.0"
                    WIDTH="2017.0"
                    HEIGHT="183.0">
            <Shape><Polygon POINTS="73 1858 242 1916 325 1927 328 1927 331 1927 446 1907 488 1918 491 1918 600 1933 926 1898 928 1898 931 1898 954 1884 1032 1893 1035 1893 1038 1893 1041 1893 1041 1890 1063 1870 1114 1887 1116 1887 1119 1887 1187 1873 1279 1882 1282 1882 1403 1859 1501 1868 1504 1868 1507 1868 1574 1845 1577 1845 1580 1845 1664 1859 1667 1859 1669 1859 1711 1840 1784 1848 1787 1848 2068 1820 2068 1800 2059 1761 1995 1769 1975 1764 1936 1750 1933 1750 1930 1750 1829 1769 1796 1775 1773 1772 1726 1761 1723 1761 1720 1761 1717 1761 1697 1775 1678 1786 1650 1775 1644 1775 1641 1775 1639 1775 1636 1775 1633 1775 1633 1778 1552 1765 1495 1783 1493 1783 1435 1798 1105 1814 1004 1803 1001 1803 999 1803 936 1807 889 1806 875 1800 872 1800 870 1800 867 1800 847 1809 794 1828 735 1812 718 1809 715 1809 712 1809 694 1827 658 1839 571 1851 482 1828 479 1828 477 1828 432 1842 415 1826 412 1826 412 1823 357 1826 186 1833 115 1784 91 1792 51 1832"/></Shape>
	    <String CONTENT="tout cela aux Berbères me paraissent au con¬"
                    HPOS="51.0"
                    VPOS="1750.0"
                    WIDTH="2017.0"
                    HEIGHT="183.0"></String>
          </TextLine>
          <TextLine ID="eSc_line_89063a41"
                    TAGREFS="LT80"
                    BASELINE="68 1912 258 1981 386 1990 586 1974 2012 1918" 
                    HPOS="36.0"
                    VPOS="1868.0"
                    WIDTH="1976.0"
                    HEIGHT="178.0">
            <Shape><Polygon POINTS="283 2013 286 2013 289 2013 314 1999 317 1999 322 1999 435 2025 437 2025 440 2025 443 2025 468 2005 496 2029 516 2031 536 2046 571 2015 620 1999 670 2008 673 2008 676 2008 679 2008 698 1991 726 2013 729 2013 732 2013 771 2023 1001 1985 1145 2025 1173 1999 1175 1999 1178 1999 1178 1997 1203 1971 1279 1974 1313 1966 1316 1966 1369 1998 1383 1991 1386 1991 1389 1991 1504 1960 1512 1957 1518 1957 1552 1974 1554 1974 1557 1974 1560 1974 1563 1974 1563 1971 1580 1957 1582 1955 1591 1957 1689 1974 1692 1974 1695 1974 1697 1974 1728 1952 1731 1949 1734 1952 1787 1977 1790 1977 1793 1977 1796 1977 1843 1955 1942 1960 1944 1960 1947 1960 2012 1941 2012 1918 2009 1884 1984 1868 1981 1868 1978 1868 1975 1868 1972 1868 1970 1868 1917 1869 1594 1876 1591 1876 1588 1876 1537 1898 1518 1876 1408 1901 1403 1901 1352 1884 1349 1884 1347 1884 1344 1884 1341 1884 1341 1887 1324 1901 1316 1913 1010 1901 973 1910 965 1907 962 1907 959 1907 957 1907 948 1910 917 1921 892 1910 870 1901 867 1901 864 1901 861 1901 858 1901 858 1904 847 1913 830 1929 586 1949 561 1935 541 1913 538 1913 536 1913 533 1913 510 1918 451 1922 406 1921 401 1918 398 1918 395 1918 373 1921 280 1941 96 1872 36 1908 57 1964"/></Shape>
	    <String CONTENT="traire déployer de l&#x27;énergie. Après la reprise"
                    HPOS="36.0"
                    VPOS="1868.0"
                    WIDTH="1976.0"
                    HEIGHT="178.0"></String>
          </TextLine>
          <TextLine ID="eSc_line_b7237ba9"
                    TAGREFS="LT80"
                    BASELINE="73 2012 188 2047 298 2080 463 2081 979 2067 2138 2008" 
                    HPOS="49.0"
                    VPOS="1941.0"
                    WIDTH="2089.0"
                    HEIGHT="195.0">
            <Shape><Polygon POINTS="76 2071 154 2064 219 2084 228 2084 240 2113 281 2117 336 2106 440 2123 443 2123 446 2123 493 2100 659 2100 684 2117 687 2117 690 2117 693 2117 825 2092 867 2109 870 2109 872 2109 954 2095 1004 2106 1007 2106 1030 2136 1178 2086 1181 2086 1215 2067 1240 2086 1243 2086 1246 2086 1248 2086 1408 2067 1523 2075 1526 2075 1529 2075 1532 2075 1574 2047 1647 2072 1650 2072 1653 2072 1804 2047 1841 2051 1872 2055 1893 2059 1922 2057 1967 2042 2062 2050 2065 2050 2068 2050 2138 2022 2138 2008 2132 1955 2074 1941 2071 1941 2068 1941 2065 1941 2048 1957 2023 1977 2015 1971 1991 1969 1979 1957 1950 1969 1922 1987 1910 1981 1891 1985 1882 1976 1866 1957 1863 1957 1860 1957 1857 1957 1857 1960 1852 1963 1824 1988 1726 1971 1723 1971 1720 1971 1652 1983 1566 1974 1563 1974 1560 1974 1557 1974 1554 1974 1532 1994 1504 1974 1498 1969 1495 1969 1493 1969 1490 1969 1487 1969 1484 1969 1476 1974 1434 2002 1355 2007 1333 1980 1330 1980 1327 1980 1220 1999 1145 2045 1066 2025 937 2002 934 2002 931 2002 928 2002 895 2033 780 2036 593 2025 574 2032 544 2056 443 2044 356 2025 353 2025 350 2025 328 2036 283 2013 280 2013 277 2013 275 2013 180 1998 78 1972 49 2038"/></Shape>
	    <String CONTENT="de l&#x27;offensive arabe qui aboutit à la défaite"
                    HPOS="49.0"
                    VPOS="1941.0"
                    WIDTH="2089.0"
                    HEIGHT="195.0"></String>
          </TextLine>
          <TextLine ID="eSc_line_85da37a6"
                    TAGREFS="LT80"
                    BASELINE="71 2114 230 2165 430 2178 833 2165 2099 2109" 
                    HPOS="43.0"
                    VPOS="2050.0"
                    WIDTH="2056.0"
                    HEIGHT="181.0">
            <Shape><Polygon POINTS="64 2140 198 2185 261 2184 453 2200 449 2231 466 2228 467 2213 483 2195 641 2197 712 2193 743 2204 746 2204 749 2204 752 2204 754 2204 754 2201 774 2185 819 2201 822 2201 852 2193 1006 2188 1042 2208 1067 2207 1133 2179 1221 2182 1330 2172 1367 2175 1400 2165 1619 2168 1622 2168 1737 2148 1773 2165 1776 2165 1779 2165 1782 2165 1824 2145 2099 2131 2099 2109 2096 2072 2057 2050 2054 2050 2051 2050 2048 2050 1987 2070 1938 2059 1918 2075 1907 2077 1893 2068 1872 2069 1836 2075 1714 2089 1703 2081 1697 2075 1695 2075 1692 2075 1689 2075 1686 2075 1661 2084 1619 2098 1432 2087 1349 2089 1293 2078 1290 2078 1288 2078 1285 2078 1262 2112 1227 2098 1115 2105 1100 2115 1065 2130 1046 2135 991 2141 844 2126 791 2103 769 2114 749 2121 743 2132 736 2129 709 2130 677 2120 578 2109 555 2106 552 2106 550 2106 536 2112 465 2134 268 2126 229 2117 217 2089 101 2071 43 2112"/></Shape>
	    <String CONTENT="de Kossayla à Mames près Kairouan où il est"
                    HPOS="43.0"
                    VPOS="2050.0"
                    WIDTH="2056.0"
                    HEIGHT="181.0"></String>
          </TextLine>
          <TextLine ID="eSc_line_313b4c17"
                    TAGREFS="LT80"
                    BASELINE="81 2211 190 2252 215 2277 2020 2204" 
                    HPOS="56.0"
                    VPOS="2157.0"
                    WIDTH="1964.0"
                    HEIGHT="140.0">
            <Shape><Polygon POINTS="90 2240 202 2294 561 2297 780 2288 783 2288 816 2274 825 2272 867 2272 999 2280 1001 2280 1063 2266 1097 2258 1125 2263 1160 2265 1170 2274 1173 2274 1347 2255 1434 2246 1462 2252 1509 2260 1512 2260 1515 2260 1543 2249 1560 2238 2017 2229 2020 2204 2015 2159 1894 2157 1891 2157 1888 2157 1877 2162 1855 2173 1782 2165 1745 2162 1742 2162 1740 2162 1720 2168 1678 2179 1546 2173 1479 2171 1476 2171 1428 2176 1323 2181 1212 2185 1181 2182 1178 2182 1175 2182 1096 2216 996 2226 794 2237 799 2209 774 2210 753 2245 676 2240 631 2235 548 2240 455 2237 376 2236 307 2226 263 2231 249 2227 220 2210 153 2174 99 2169 56 2215"/></Shape>
	    <String CONTENT="tué, les musulmans doivent reculer sur"
                    HPOS="56.0"
                    VPOS="2157.0"
                    WIDTH="1964.0"
                    HEIGHT="140.0"></String>
          </TextLine>
          <TextLine ID="eSc_line_649fabcc"
                    TAGREFS="LT80"
                    BASELINE="79 2289 206 2350 364 2370 651 2356 1992 2291" 
                    HPOS="55.0"
                    VPOS="2245.0"
                    WIDTH="1937.0"
                    HEIGHT="164.0">
            <Shape><Polygon POINTS="462 2409 550 2392 928 2361 1043 2376 1122 2367 1125 2367 1201 2344 1203 2344 1206 2344 1260 2361 1262 2361 1265 2361 1268 2361 1307 2342 1349 2356 1352 2356 1355 2356 1358 2356 1408 2336 1411 2333 1664 2325 1686 2325 1916 2333 1919 2333 1922 2333 1992 2311 1992 2291 1984 2246 1796 2245 1737 2255 1714 2246 1711 2246 1709 2246 1706 2246 1686 2255 1655 2269 1641 2258 1639 2252 1636 2252 1633 2252 1630 2252 1627 2252 1613 2258 1591 2269 1574 2260 1560 2249 1557 2249 1554 2249 1552 2249 1549 2249 1526 2260 1507 2272 1493 2263 1487 2258 1484 2258 1481 2258 1479 2258 1476 2258 1453 2263 1392 2280 1319 2269 1271 2260 1268 2260 1265 2260 1262 2260 1251 2269 1229 2286 1172 2282 1153 2266 1150 2266 1147 2266 1145 2266 1142 2266 1131 2274 1097 2294 973 2294 945 2280 942 2277 940 2277 937 2277 934 2277 931 2277 928 2277 926 2280 900 2300 833 2286 830 2286 827 2286 825 2286 797 2308 721 2308 693 2291 690 2291 687 2291 684 2291 681 2291 679 2291 679 2294 656 2311 599 2304 553 2301 525 2307 507 2311 367 2317 276 2300 183 2302 142 2261 81 2253 55 2308 184 2380"/></Shape>
	    <String CONTENT="Barka où ils sont surpris et massacrés par"
                    HPOS="55.0"
                    VPOS="2245.0"
                    WIDTH="1937.0"
                    HEIGHT="164.0"></String>
          </TextLine>
          <TextLine ID="eSc_line_b48ad25f"
                    TAGREFS="LT80"
                    BASELINE="72 2406 202 2451 298 2459 442 2481 623 2465 769 2457 2020 2387" 
                    HPOS="57.0"
                    VPOS="2322.0"
                    WIDTH="1963.0"
                    HEIGHT="200.0">
            <Shape><Polygon POINTS="144 2450 245 2489 279 2522 294 2521 362 2496 364 2496 370 2496 406 2510 409 2510 432 2500 586 2493 701 2502 704 2502 707 2502 760 2482 865 2503 878 2493 881 2493 884 2493 900 2476 1139 2462 1187 2476 1189 2476 1192 2476 1342 2495 1459 2443 1465 2443 1470 2443 1515 2454 1518 2454 1521 2454 1627 2434 1636 2434 1641 2434 1717 2451 1720 2451 1804 2434 1866 2445 1869 2445 2020 2415 2020 2387 2009 2322 1919 2344 1790 2333 1787 2333 1784 2333 1662 2346 1585 2342 1580 2342 1577 2342 1523 2344 1521 2344 1518 2344 1484 2373 1383 2373 1363 2353 1361 2353 1358 2353 1355 2353 1327 2356 1299 2359 1296 2359 1293 2359 1293 2361 1290 2361 1276 2378 1226 2367 1223 2367 1220 2367 1164 2395 735 2409 656 2387 651 2387 648 2387 645 2387 642 2387 609 2409 583 2420 289 2409 80 2364 57 2451"/></Shape>
	    <String CONTENT="Un corps de débarquement byzantin (689 ?)"
                    HPOS="57.0"
                    VPOS="2322.0"
                    WIDTH="1963.0"
                    HEIGHT="200.0"></String>
          </TextLine>
          <TextLine ID="eSc_line_ef3a04fd"
                    TAGREFS="LT80"
                    BASELINE="81 2516 230 2561 321 2567 639 2574" 
                    HPOS="66.0"
                    VPOS="2456.0"
                    WIDTH="590.0"
                    HEIGHT="168.0">
            <Shape><Polygon POINTS="66 2552 100 2571 127 2574 146 2574 179 2574 244 2605 246 2605 249 2605 362 2615 465 2607 490 2598 549 2624 587 2617 609 2602 656 2590 654 2564 636 2502 530 2524 522 2513 519 2513 519 2510 516 2510 513 2510 510 2510 471 2534 453 2516 432 2516 411 2512 401 2517 388 2532 369 2536 345 2540 316 2535 292 2534 275 2534 258 2525 245 2505 232 2497 206 2514 197 2509 179 2497 165 2468 165 2465 162 2465 132 2456 72 2462 68 2532"/></Shape>
	    <String CONTENT="(Julien, 321)."
                    HPOS="66.0"
                    VPOS="2456.0"
                    WIDTH="590.0"
                    HEIGHT="168.0"></String>
          </TextLine>
          <TextLine ID="eSc_line_acc60ce2"
                    TAGREFS="LT80"
                    BASELINE="100 2617 169 2651 323 2677 621 2669 2099 2574" 
                    HPOS="70.0"
                    VPOS="2524.0"
                    WIDTH="2029.0"
                    HEIGHT="217.0">
            <Shape><Polygon POINTS="348 2706 350 2706 353 2706 395 2692 423 2709 426 2709 474 2709 623 2695 670 2740 693 2741 734 2692 794 2681 855 2689 964 2674 994 2701 1008 2713 1023 2713 1079 2680 1229 2650 1305 2664 1307 2664 1310 2664 1313 2664 1341 2642 1375 2656 1378 2656 1380 2656 1383 2656 1386 2656 1386 2653 1403 2636 1566 2628 1624 2628 1655 2653 1658 2653 1661 2653 1664 2653 1667 2653 1796 2614 2099 2597 2099 2574 2096 2538 1841 2524 1838 2524 1835 2524 1832 2524 1807 2546 1798 2552 1754 2549 1703 2546 1700 2546 1697 2546 1683 2552 1664 2560 1653 2552 1633 2541 1630 2541 1627 2541 1624 2541 1622 2541 1619 2541 1602 2555 1591 2566 1554 2566 1543 2558 1518 2541 1515 2541 1512 2541 1509 2541 1507 2541 1462 2560 1439 2572 1420 2563 1414 2560 1411 2560 1408 2560 1375 2563 1220 2583 1187 2572 1159 2560 1156 2560 1153 2560 1150 2560 1105 2574 1046 2591 987 2577 942 2569 940 2569 937 2569 895 2583 827 2603 799 2591 797 2591 794 2591 648 2611 617 2611 595 2621 587 2636 561 2639 549 2643 521 2636 493 2611 479 2608 455 2622 444 2614 421 2614 388 2629 362 2636 339 2628 303 2626 222 2604 172 2587 114 2578 70 2624 134 2681"/></Shape>
	    <String CONTENT="A la suite de quoi il y a une sorte de redresse¬"
                    HPOS="70.0"
                    VPOS="2524.0"
                    WIDTH="2029.0"
                    HEIGHT="217.0"></String>
          </TextLine>
          <TextLine ID="eSc_line_a4cf0066"
                    TAGREFS="LT80"
                    BASELINE="84 2706 235 2754 448 2774 636 2769 2017 2695" 
                    HPOS="49.0"
                    VPOS="2642.0"
                    WIDTH="1968.0"
                    HEIGHT="180.0">
            <Shape><Polygon POINTS="124 2747 297 2813 512 2797 527 2821 551 2822 642 2798 823 2785 1016 2794 1203 2768 1206 2768 1209 2768 1212 2768 1274 2748 1319 2757 1321 2757 1484 2739 1506 2742 1535 2768 1550 2770 1569 2756 1627 2734 1672 2743 1675 2743 1678 2743 1728 2726 1748 2740 1751 2740 1754 2740 1756 2740 1759 2740 1762 2740 1784 2723 1911 2732 1914 2732 2015 2712 2017 2695 2012 2661 1905 2650 1902 2650 1900 2650 1849 2664 1846 2664 1841 2664 1776 2642 1773 2642 1770 2642 1768 2642 1717 2667 1709 2673 1568 2673 1557 2670 1501 2653 1498 2653 1495 2653 1493 2653 1490 2653 1490 2656 1470 2673 1459 2681 1425 2673 1369 2661 1366 2661 1363 2661 1335 2675 1310 2689 1248 2671 1184 2678 1178 2673 1175 2673 1173 2673 1170 2673 1167 2673 1164 2673 1156 2678 1133 2695 1033 2723 1006 2720 996 2709 985 2698 970 2685 948 2673 945 2673 942 2673 926 2684 898 2701 780 2692 749 2703 712 2737 688 2746 658 2744 575 2710 496 2689 493 2689 491 2689 488 2689 482 2695 460 2715 390 2698 387 2698 384 2698 381 2698 378 2698 362 2715 317 2698 314 2698 311 2698 308 2698 305 2698 303 2698 252 2715 99 2669 49 2678 73 2746"/></Shape>
	    <String CONTENT="ment des Byzantins. Il est évident que l&#x27;on ne"
                    HPOS="49.0"
                    VPOS="2642.0"
                    WIDTH="1968.0"
                    HEIGHT="180.0"></String>
          </TextLine>
          <TextLine ID="eSc_line_cb7b0f1c"
                    TAGREFS="LT80"
                    BASELINE="80 2800 194 2843 282 2869 445 2874 446 2874 642 2855 2026 2793" 
                    HPOS="60.0"
                    VPOS="2737.0"
                    WIDTH="1973.0"
                    HEIGHT="190.0">
            <Shape><Polygon POINTS="200 2890 485 2900 488 2900 623 2877 625 2877 628 2877 684 2900 709 2927 758 2883 892 2866 926 2863 942 2863 1027 2877 1029 2877 1139 2858 1170 2852 1212 2855 1341 2863 1344 2863 1347 2863 1397 2847 1408 2844 1411 2847 1431 2861 1434 2861 1436 2861 1439 2861 1529 2841 1540 2841 1549 2841 1622 2849 1624 2849 1681 2835 1711 2827 1864 2851 2033 2815 2023 2757 1984 2737 1981 2737 1978 2737 1916 2743 1914 2743 1911 2743 1911 2746 1908 2746 1897 2760 1894 2762 1888 2760 1852 2751 1849 2751 1846 2751 1632 2777 1558 2766 1552 2772 1535 2767 1523 2786 1516 2773 1512 2754 1502 2748 1472 2751 1459 2760 1456 2760 1453 2760 1450 2760 1448 2760 1445 2760 1422 2774 1408 2782 1397 2776 1375 2765 1372 2765 1310 2765 1307 2765 1305 2765 1302 2765 1302 2768 1288 2779 1285 2782 1276 2779 1237 2768 1234 2768 1232 2768 1229 2768 1226 2768 1226 2771 1212 2782 1203 2790 959 2802 912 2799 895 2782 892 2782 889 2782 886 2782 835 2803 808 2797 690 2796 634 2793 631 2793 628 2793 625 2793 625 2796 620 2799 606 2819 537 2837 500 2826 450 2828 438 2834 426 2831 418 2831 403 2813 378 2813 252 2806 124 2753 82 2751 60 2833"/></Shape>
	    <String CONTENT="fera rien tant qu&#x27;ils auront la côte. Aussi, les"
                    HPOS="60.0"
                    VPOS="2737.0"
                    WIDTH="1973.0"
                    HEIGHT="190.0"></String>
          </TextLine>
          <TextLine ID="eSc_line_2c929ff4"
                    TAGREFS="LT80"
                    BASELINE="87 2905 259 2958 343 2963 344 2963 564 2945 1810 2891 2133 2881 2146 2881" 
                    HPOS="67.0"
                    VPOS="2827.0"
                    WIDTH="2093.0"
                    HEIGHT="191.0">
            <Shape><Polygon POINTS="81 2939 67 2895 98 2854 143 2862 161 2887 191 2907 236 2900 331 2908 418 2908 466 2906 528 2898 621 2915 677 2920 693 2925 712 2929 740 2899 808 2891 1024 2891 1046 2890 1100 2875 1132 2869 1195 2880 1248 2869 1305 2855 1313 2855 1330 2866 1344 2875 1392 2866 1411 2878 1465 2867 1501 2863 1507 2869 1515 2863 1543 2841 1554 2841 1613 2858 1636 2860 1669 2848 1700 2838 1779 2858 1790 2861 1793 2858 1839 2851 1867 2864 1920 2861 1970 2827 1975 2827 2158 2855 2160 2891 2079 2931 1916 2931 1894 2931 1807 2914 1675 2931 1613 2934 1526 2917 1494 2932 1383 2948 1380 2948 1290 2942 1234 2939 1220 2945 1189 2956 1181 2956 1159 2945 1156 2942 1153 2945 1119 2973 1105 2973 1074 2948 999 2967 993 2967 763 2962 620 2987 611 2987 580 2967 331 3018 287 2981 213 2964"/></Shape>
	    <String CONTENT="Arabes qui s&#x27;acharnent reviennent-ils à la charge"
                    HPOS="67.0"
                    VPOS="2827.0"
                    WIDTH="2093.0"
                    HEIGHT="191.0"></String>
          </TextLine>
          <TextLine ID="eSc_line_79bceb93"
                    TAGREFS="LT80"
                    BASELINE="74 2989 185 3028 306 3052 572 3037 1692 2990 2020 2998" 
                    HPOS="64.0"
                    VPOS="2926.0"
                    WIDTH="1956.0"
                    HEIGHT="161.0">
            <Shape><Polygon POINTS="112 3029 344 3087 390 3077 648 3063 839 3050 916 3056 957 3082 1046 3037 1052 3035 1058 3037 1088 3046 1091 3046 1094 3046 1305 3029 1397 3023 1417 3026 1430 3032 1450 3040 1481 3011 1484 2998 1504 2996 1517 3003 1543 3037 1546 3037 1549 3037 1552 3037 1571 3023 1580 3015 1667 3015 1678 3020 1706 3035 1709 3035 1711 3035 1787 3018 1813 3012 1964 3016 2020 2998 2017 2948 1958 2926 1958 2934 1956 2934 1953 2934 1883 2953 1880 2956 1703 2959 1700 2959 1633 2946 1568 2956 1508 2992 1496 2990 1480 2956 1445 2953 1392 2967 1206 2967 1153 2967 1108 2986 1056 2983 985 2981 973 2981 962 2981 841 2962 839 2962 836 2962 833 2962 805 2984 802 2990 732 2990 726 2987 701 2967 698 2967 696 2967 693 2967 690 2967 645 2990 639 2992 603 2997 586 2967 583 2967 580 2967 578 2967 575 2967 541 2992 538 2995 533 2992 510 2984 507 2984 505 2984 325 3026 309 3013 304 2995 300 2978 297 2978 294 2978 291 2978 289 2978 286 2978 261 3001 218 2987 147 2962 64 2955 66 2995 90 3005"/></Shape>
	    <String CONTENT="et enlevent-ils Carthage d&#x27;assaut. L&#x27;empereur"
                    HPOS="64.0"
                    VPOS="2926.0"
                    WIDTH="1956.0"
                    HEIGHT="161.0"></String>
          </TextLine>
          <TextLine ID="eSc_line_6d82e7db"
                    TAGREFS="LT80"
                    BASELINE="84 3073 161 3117 239 3146 239 3147 389 3158 569 3138 1041 3117 1149 3113 2013 3075" 
                    HPOS="79.0"
                    VPOS="3020.0"
                    WIDTH="1936.0"
                    HEIGHT="168.0">
            <Shape><Polygon POINTS="87 3090 84 3110 134 3125 174 3152 272 3177 362 3177 382 3162 400 3160 409 3188 735 3178 825 3144 920 3158 923 3158 1088 3133 1147 3150 1150 3150 1153 3150 1156 3150 1212 3127 1549 3113 1599 3138 1602 3138 1605 3138 1608 3138 1675 3105 1678 3102 1742 3102 1789 3115 1835 3087 1850 3088 1847 3126 1850 3137 1868 3145 1906 3117 2015 3095 2001 3033 1990 3029 1970 3049 1887 3047 1852 3081 1837 3082 1797 3029 1743 3039 1688 3039 1650 3020 1647 3020 1644 3020 1588 3051 1355 3063 1150 3068 1063 3046 1060 3046 1058 3046 1055 3046 1052 3046 1030 3080 992 3084 980 3089 969 3094 952 3078 919 3079 913 3065 899 3070 856 3079 816 3062 698 3088 639 3065 637 3065 596 3075 566 3068 564 3068 561 3068 561 3071 526 3095 442 3099 428 3099 416 3135 403 3157 384 3156 364 3099 342 3099 99 3031 79 3072"/></Shape>
	    <String CONTENT="Leontios voit le péril et arme une flotte qui"
                    HPOS="79.0"
                    VPOS="3020.0"
                    WIDTH="1936.0"
                    HEIGHT="168.0"></String>
          </TextLine>
          <TextLine ID="eSc_line_33c57cca"
                    TAGREFS="LT80"
                    BASELINE="71 3183 162 3215 259 3247 374 3258 550 3239 2079 3166" 
                    HPOS="46.0"
                    VPOS="3102.0"
                    WIDTH="2033.0"
                    HEIGHT="202.0">
            <Shape><Polygon POINTS="205 3266 297 3275 331 3281 375 3276 412 3281 415 3281 533 3304 746 3253 855 3259 858 3259 861 3259 931 3239 942 3236 948 3236 990 3248 993 3248 996 3248 999 3248 1049 3234 1060 3231 1066 3234 1088 3248 1091 3248 1094 3248 1097 3248 1100 3248 1161 3228 1178 3225 1246 3225 1466 3228 1481 3230 1582 3211 1624 3203 1754 3200 1768 3206 1801 3220 1804 3220 1807 3220 2076 3192 2079 3166 2071 3102 2006 3105 2003 3105 2001 3105 2001 3107 1975 3130 1915 3127 1874 3142 1861 3137 1851 3134 1835 3131 1827 3135 1812 3144 1769 3154 1753 3156 1746 3146 1734 3141 1594 3143 1557 3124 1554 3124 1552 3124 1552 3127 1535 3144 1493 3127 1490 3127 1487 3127 1484 3127 1417 3152 1363 3133 1361 3133 1358 3133 1355 3133 1296 3161 1251 3138 1248 3138 1246 3138 1139 3158 1046 3147 1044 3147 1041 3147 925 3179 454 3199 382 3217 339 3208 308 3212 285 3191 190 3197 173 3159 139 3143 114 3159 71 3153 46 3207 120 3236"/></Shape>
	    <String CONTENT="réussit à reprendre la ville. Et de leur côté les"
                    HPOS="46.0"
                    VPOS="3102.0"
                    WIDTH="2033.0"
                    HEIGHT="202.0"></String>
          </TextLine>
          <TextLine ID="eSc_line_e9c9d650"
                    TAGREFS="LT80"
                    BASELINE="79 3282 225 3344 382 3357 449 3351 1470 3284 2023 3267" 
                    HPOS="69.0"
                    VPOS="3208.0"
                    WIDTH="1954.0"
                    HEIGHT="203.0">
            <Shape><Polygon POINTS="265 3385 419 3372 435 3411 495 3391 551 3371 596 3370 615 3400 642 3391 661 3362 791 3345 833 3351 836 3351 839 3351 968 3335 1114 3351 1116 3351 1119 3351 1223 3321 1380 3326 1383 3326 1487 3309 1523 3335 1526 3335 1529 3335 1532 3335 1535 3335 1608 3301 1613 3298 1647 3298 1919 3309 1922 3309 1971 3300 1991 3296 2017 3289 2023 3287 2023 3267 1992 3227 1883 3236 1841 3222 1788 3232 1762 3231 1746 3212 1729 3212 1722 3208 1680 3218 1627 3233 1596 3235 1540 3231 1501 3238 1493 3234 1464 3241 1443 3255 1427 3262 1425 3262 1410 3266 1401 3260 1381 3259 1356 3254 1296 3242 1293 3242 1290 3242 1248 3262 1173 3242 1153 3239 1150 3239 1147 3239 1145 3239 1142 3245 1114 3267 1063 3245 1038 3236 1035 3236 1032 3236 1029 3236 1027 3236 1013 3248 982 3267 934 3262 931 3262 928 3262 926 3262 903 3279 844 3282 802 3278 732 3273 609 3319 483 3314 414 3317 365 3293 347 3280 197 3286 156 3240 113 3238 69 3265 70 3301 85 3334"/></Shape>
	    <String CONTENT="Berbères groupés sous la reine mystérieuse"
                    HPOS="69.0"
                    VPOS="3208.0"
                    WIDTH="1954.0"
                    HEIGHT="203.0"></String>
          </TextLine>
          <TextLine ID="eSc_line_97445517"
                    TAGREFS="LT80"
                    BASELINE="84 3368 219 3427 438 3442 497 3436 1976 3367" 
                    HPOS="55.0"
                    VPOS="3303.0"
                    WIDTH="2041.0"
                    HEIGHT="164.0">
            <Shape><Polygon POINTS="381 3466 384 3466 408 3457 446 3467 513 3461 612 3465 664 3444 971 3437 1009 3460 1150 3422 1273 3432 1449 3416 1580 3396 1585 3396 1591 3396 1625 3396 1653 3410 2096 3374 2096 3354 2090 3321 2014 3306 1988 3303 1962 3312 1930 3323 1807 3326 1713 3323 1629 3351 1588 3350 1561 3350 1539 3346 1517 3344 1493 3337 1484 3340 1465 3337 1389 3323 1386 3323 1383 3323 1380 3323 1355 3340 1341 3349 1102 3370 1074 3349 1072 3349 1069 3349 1066 3349 1049 3363 968 3354 965 3354 836 3371 808 3357 791 3349 788 3349 785 3349 783 3349 780 3349 766 3357 752 3368 744 3365 738 3371 729 3372 719 3370 703 3370 689 3367 662 3377 642 3399 616 3409 599 3411 588 3401 586 3382 541 3377 491 3405 466 3416 423 3412 421 3395 419 3388 410 3382 267 3402 92 3346 55 3392 151 3450"/></Shape>
	    <String CONTENT="nommée là Kahina écrase l&#x27;armée arabe"
                    HPOS="55.0"
                    VPOS="3303.0"
                    WIDTH="2041.0"
                    HEIGHT="164.0"></String>
          </TextLine>
          <TextLine ID="eSc_line_60aadbc8"
                    TAGREFS="LT80"
                    BASELINE="85 3477 207 3513 318 3542 319 3542 522 3523 2037 3461" 
                    HPOS="70.0"
                    VPOS="3401.0"
                    WIDTH="1967.0"
                    HEIGHT="175.0">
            <Shape><Polygon POINTS="78 3530 241 3545 314 3570 317 3570 319 3570 322 3570 350 3556 552 3559 555 3559 558 3559 561 3559 580 3542 645 3559 648 3559 651 3559 785 3539 878 3551 881 3551 884 3551 923 3534 940 3548 942 3548 945 3548 948 3548 1072 3576 1128 3537 1184 3520 1386 3525 1389 3525 1392 3525 1394 3525 1428 3503 1459 3523 1462 3523 1465 3523 1467 3523 1470 3523 1473 3523 1495 3503 1557 3528 1560 3528 1563 3528 1566 3528 1568 3528 1608 3497 1639 3514 1641 3514 1644 3514 2037 3481 2037 3461 2031 3424 1939 3410 1906 3405 1857 3427 1835 3430 1829 3427 1796 3402 1793 3402 1790 3402 1740 3402 1737 3402 1734 3402 1650 3430 1616 3404 1612 3401 1594 3424 1591 3424 1588 3424 1543 3433 1532 3433 1529 3433 1495 3425 1458 3419 1427 3414 1414 3413 1411 3413 1408 3413 1386 3433 1372 3447 1262 3450 1243 3436 1213 3447 1186 3449 1179 3448 1159 3455 1152 3436 1134 3430 1033 3474 966 3484 926 3469 870 3487 838 3477 561 3475 449 3479 405 3463 382 3476 361 3481 351 3479 305 3478 261 3468 236 3465 163 3466 115 3440 70 3455 72 3500"/></Shape>
	    <String CONTENT="près de Tebessa et la rejette en Tripolitaine"
                    HPOS="70.0"
                    VPOS="3401.0"
                    WIDTH="1967.0"
                    HEIGHT="175.0"></String>
          </TextLine>
          <TextLine ID="eSc_line_fa1c1a84"
                    TAGREFS="LT80"
                    BASELINE="100 3582 176 3604 262 3633 797 3618" 
                    HPOS="92.0"
                    VPOS="3535.0"
                    WIDTH="705.0"
                    HEIGHT="125.0">
            <Shape><Polygon POINTS="106 3638 153 3637 277 3660 794 3643 797 3618 794 3556 744 3550 729 3560 688 3569 649 3567 608 3582 590 3593 575 3579 538 3559 536 3559 533 3559 331 3573 277 3573 258 3556 255 3553 255 3551 252 3551 249 3551 246 3551 244 3551 235 3556 218 3565 210 3556 192 3560 181 3548 152 3535 141 3539 124 3545 92 3553 92 3610"/></Shape>
	    <String CONTENT="(Julien 322-23)."
                    HPOS="92.0"
                    VPOS="3535.0"
                    WIDTH="705.0"
                    HEIGHT="125.0"></String>
          </TextLine>
          <TextLine ID="eSc_line_47c1ece4"
                    TAGREFS="LT80"
                    BASELINE="106 3676 213 3722 364 3739 499 3724 2003 3652" 
                    HPOS="103.0"
                    VPOS="3587.0"
                    WIDTH="1900.0"
                    HEIGHT="189.0">
            <Shape><Polygon POINTS="300 3764 303 3764 698 3747 701 3747 760 3725 1094 3730 1097 3730 1100 3730 1181 3711 1249 3725 1248 3767 1270 3776 1297 3762 1358 3719 1468 3700 1575 3716 1784 3680 1885 3696 1888 3696 1891 3696 1894 3696 1894 3694 1916 3674 1953 3685 1956 3685 1958 3685 1961 3685 2003 3668 2003 3652 1998 3606 1900 3587 1897 3587 1894 3587 1885 3590 1785 3608 1633 3610 1630 3610 1627 3610 1588 3632 1495 3635 1436 3621 1434 3621 1431 3621 1428 3621 1380 3638 1307 3612 1302 3612 1299 3612 1296 3612 1293 3612 1290 3612 1290 3615 1248 3640 1181 3618 1178 3618 1175 3618 1173 3618 1170 3618 1167 3618 1094 3652 993 3643 990 3643 987 3643 985 3643 954 3645 841 3632 836 3632 833 3632 830 3632 794 3663 718 3660 499 3677 457 3669 440 3664 431 3672 403 3676 370 3671 350 3666 329 3671 311 3673 235 3676 148 3644 106 3663 103 3694 113 3719"/></Shape>
	    <String CONTENT="Mais l&#x27;année suivante Hassan revient à"
                    HPOS="103.0"
                    VPOS="3587.0"
                    WIDTH="1900.0"
                    HEIGHT="189.0"></String>
          </TextLine>
          <TextLine ID="eSc_line_44ba18a7"
                    TAGREFS="LT80"
                    BASELINE="96 3752 174 3795 354 3822 577 3821 1055 3797 2037 3732" 
                    HPOS="71.0"
                    VPOS="3676.0"
                    WIDTH="1973.0"
                    HEIGHT="211.0">
            <Shape><Polygon POINTS="2027 3680 2000 3676 1990 3684 1939 3696 1905 3700 1886 3698 1855 3700 1828 3701 1814 3696 1800 3695 1768 3685 1765 3685 1762 3685 1759 3685 1756 3685 1754 3685 1754 3688 1731 3711 1692 3711 1659 3708 1625 3734 1596 3745 1592 3736 1578 3728 1560 3728 1540 3722 1518 3725 1497 3747 1470 3765 1441 3785 1423 3784 1393 3731 1359 3749 1330 3753 1293 3774 1259 3778 1246 3772 1244 3750 1231 3737 1156 3741 1100 3741 1084 3736 1058 3734 1049 3733 1029 3741 1012 3744 995 3747 945 3725 942 3725 940 3725 937 3725 934 3725 934 3727 906 3753 620 3767 579 3765 508 3785 464 3787 408 3789 322 3780 147 3730 111 3722 71 3752 86 3797 280 3848 318 3867 341 3880 357 3887 401 3857 474 3842 602 3857 606 3862 609 3862 611 3862 611 3859 614 3859 625 3845 666 3855 709 3877 751 3850 791 3828 928 3828 931 3828 934 3828 985 3809 1029 3824 1050 3821 1076 3833 1316 3852 1432 3790 1470 3807 1714 3792 1838 3770 1883 3779 1897 3772 1938 3771 2030 3773 2040 3751 2044 3715 2035 3688"/></Shape>
	    <String CONTENT="la charge et reprend Carthage . Les habitants"
                    HPOS="71.0"
                    VPOS="3676.0"
                    WIDTH="1973.0"
                    HEIGHT="211.0"></String>
          </TextLine>
          <TextLine ID="eSc_line_67598efc"
                    TAGREFS="LT80"
                    BASELINE="93 3850 171 3883 192 3896 255 3909 366 3919 413 3924 2026 3831" 
                    HPOS="69.0"
                    VPOS="3783.0"
                    WIDTH="1962.0"
                    HEIGHT="179.0">
            <Shape><Polygon POINTS="159 3907 227 3960 230 3960 232 3960 303 3941 311 3941 366 3962 608 3943 609 3943 2028 3867 2031 3837 2026 3797 1883 3803 1874 3803 1813 3783 1810 3783 1807 3783 1804 3783 1762 3806 1756 3809 1751 3806 1719 3809 1696 3812 1639 3819 1626 3815 1609 3809 1591 3808 1550 3813 1451 3830 1412 3848 1350 3854 1322 3857 1296 3855 1189 3858 1119 3844 1082 3838 1064 3842 1052 3842 1051 3826 1037 3826 1025 3831 993 3837 976 3828 973 3828 971 3828 968 3828 968 3831 957 3840 951 3848 934 3840 900 3826 898 3826 895 3826 892 3826 833 3842 803 3849 776 3856 760 3863 732 3876 703 3882 686 3874 670 3871 644 3871 616 3880 594 3863 583 3861 570 3873 548 3881 508 3869 485 3845 482 3845 479 3845 477 3845 446 3859 418 3876 378 3878 369 3891 353 3901 321 3890 280 3852 244 3855 241 3856 238 3856 235 3856 220 3870 169 3824 84 3833 69 3867 86 3908"/></Shape>
	    <String CONTENT="ont fui. On lui substitue aussitôt les bases"
                    HPOS="69.0"
                    VPOS="3783.0"
                    WIDTH="1962.0"
                    HEIGHT="179.0"></String>
          </TextLine>
          <TextLine ID="eSc_line_490b8f67"
                    TAGREFS="LT80"
                    BASELINE="93 3952 190 3983 260 4012 382 4024 698 4002 1835 3954 2130 3941 3132 3856 3952 3833" 
                    HPOS="67.0"
                    VPOS="3775.0"
                    WIDTH="3887.0"
                    HEIGHT="284.0">
            <Shape><Polygon POINTS="3890 3778 3769 3797 3735 3789 3668 3775 3665 3775 3562 3783 3539 3788 3437 3803 3224 3797 3221 3797 2733 3834 2663 3826 2660 3826 2579 3842 2486 3862 2410 3851 2407 3851 2405 3851 2391 3851 2093 3882 1970 3887 1887 3875 1840 3886 1802 3893 1583 3924 1150 3929 1006 3929 968 3938 924 3945 892 3959 833 3945 788 3946 693 3951 623 3960 525 3974 243 3981 159 3912 114 3904 67 3951 147 4010 314 4059 522 4050 718 4025 721 4025 858 4042 861 4042 985 4013 1277 4028 1578 3996 1594 4020 1608 4027 1638 4001 1717 3995 2177 3963 2424 3963 2427 3963 2548 3938 2601 3927 2666 3932 2814 3943 2817 3943 2838 3956 2896 3921 2935 3907 3433 3873 3554 3882 3662 3866 3713 3891 3757 3879 3830 3865 3952 3880 3954 3818 3923 3806 3915 3789"/></Shape>
	    <String CONTENT="d une nouvelle Capitale au fond du golfe : Tunis, dont le port de la Goulette va devenir la grande"
                    HPOS="67.0"
                    VPOS="3775.0"
                    WIDTH="3887.0"
                    HEIGHT="284.0"></String>
          </TextLine>
          <TextLine ID="eSc_line_803a213d"
                    TAGREFS="LT80"
                    BASELINE="93 4047 180 4090 182 4091 324 4119 726 4103 2107 4030" 
                    HPOS="65.0"
                    VPOS="3977.0"
                    WIDTH="2042.0"
                    HEIGHT="227.0">
            <Shape><Polygon POINTS="190 4140 504 4147 528 4187 544 4204 611 4154 646 4143 743 4128 816 4145 843 4156 948 4120 996 4134 999 4134 1001 4134 1004 4134 1111 4106 1257 4112 1260 4112 1262 4112 1265 4112 1290 4095 1427 4126 1448 4117 1450 4117 1453 4117 1453 4114 1476 4092 1598 4089 1661 4092 1664 4092 1667 4092 1756 4072 1818 4100 1821 4100 1824 4100 1827 4100 1905 4064 2070 4075 2074 4075 2076 4075 2079 4075 2107 4056 2107 4030 2104 3999 2059 3977 2057 3977 2054 3977 2048 3977 1987 4002 1978 4005 1950 4005 1824 3994 1764 4003 1730 4012 1705 4029 1694 4038 1686 4037 1679 4034 1669 4027 1655 4022 1648 4012 1635 4013 1625 4028 1620 4035 1608 4032 1600 4023 1566 4022 1545 4009 1504 3999 1501 3999 1498 3999 1417 4019 1361 4036 1262 4050 1201 4027 1173 4016 1170 4016 1167 4016 1164 4016 1136 4027 1097 4047 946 4043 904 4046 881 4060 868 4064 856 4068 842 4071 833 4068 795 4068 733 4057 617 4067 505 4067 477 4047 474 4047 471 4047 468 4047 320 4085 156 4008 97 4007 65 4065"/></Shape>
	    <String CONTENT="Les Arabes qui enfin ont une flotte dispersent"
                    HPOS="65.0"
                    VPOS="3977.0"
                    WIDTH="2042.0"
                    HEIGHT="227.0"></String>
          </TextLine>
          <TextLine ID="eSc_line_baa978d5"
                    TAGREFS="LT80"
                    BASELINE="2318 4026 2873 3975 2921 3971 3429 3938 3788 3927" 
                    HPOS="2312.0"
                    VPOS="3879.0"
                    WIDTH="1493.0"
                    HEIGHT="185.0">
            <Shape><Polygon POINTS="2320 4064 2511 4039 2537 4047 2559 4056 2562 4056 2565 4056 2781 4042 2784 4042 2814 4025 2834 4013 2980 4005 3000 4011 3036 4022 3039 4022 3042 4022 3045 4022 3101 4002 3129 3994 3148 3999 3196 4011 3199 4011 3202 4011 3205 4011 3241 3991 3252 3985 3286 3988 3379 3997 3381 3997 3384 3997 3449 3974 3471 3969 3494 3971 3581 3983 3583 3983 3586 3983 3589 3983 3589 3980 3769 3953 3805 3938 3741 3912 3694 3902 3668 3879 3482 3896 3437 3879 3435 3879 3432 3879 3429 3879 3335 3895 3235 3893 3233 3893 3230 3893 3171 3918 3123 3901 3120 3901 3118 3901 3115 3901 3112 3901 3064 3929 3019 3921 3017 3921 3014 3921 3011 3921 2991 3935 2955 3915 2952 3915 2909 3923 2858 3960 2825 3965 2802 3963 2802 3949 2786 3940 2738 3959 2732 3961 2707 3964 2668 3969 2652 3970 2539 3969 2445 3976 2424 3965 2397 3973 2312 3985 2318 4027"/></Shape>
	    <String CONTENT="base arabe dans la Méditerranée."
                    HPOS="2312.0"
                    VPOS="3879.0"
                    WIDTH="1493.0"
                    HEIGHT="185.0"></String>
          </TextLine>
          <TextLine ID="eSc_line_f6997a3c"
                    TAGREFS="LT80"
                    BASELINE="99 4148 174 4183 291 4218 435 4230 759 4215 1627 4159 2116 4145" 
                    HPOS="67.0"
                    VPOS="4089.0"
                    WIDTH="2049.0"
                    HEIGHT="194.0">
            <Shape><Polygon POINTS="514 4265 591 4279 650 4250 725 4283 775 4239 917 4241 920 4241 923 4241 979 4224 1108 4221 1119 4229 1122 4229 1181 4210 1274 4229 1276 4229 1279 4229 1333 4204 1349 4199 1417 4204 1481 4207 1484 4207 1549 4199 1672 4185 1709 4196 1720 4199 1723 4199 1726 4199 1728 4199 1731 4199 1734 4196 1756 4182 1793 4193 1796 4193 1798 4193 1810 4193 2051 4171 2110 4185 2116 4145 2113 4112 2079 4089 2076 4089 2074 4089 2071 4089 2068 4089 2065 4089 2029 4112 1967 4089 1964 4089 1961 4089 1838 4111 1726 4103 1678 4123 1672 4123 1664 4123 1546 4103 1543 4103 1540 4103 1477 4111 1461 4144 1372 4137 1327 4128 1310 4126 1307 4126 1305 4126 1299 4128 1276 4140 1257 4128 1226 4114 1223 4114 1220 4114 1218 4114 1215 4114 1195 4131 1178 4142 1024 4134 979 4131 976 4131 973 4131 971 4131 968 4134 945 4154 822 4173 740 4137 726 4131 724 4131 721 4131 718 4131 715 4131 715 4134 710 4137 687 4161 676 4188 596 4192 553 4205 527 4209 518 4205 501 4190 479 4182 443 4168 381 4142 378 4142 376 4142 373 4142 370 4142 367 4142 333 4171 196 4138 150 4102 126 4099 67 4181 193 4232"/></Shape>
	    <String CONTENT="les vaisseaux byzantins. La maîtrise de la mer"
                    HPOS="67.0"
                    VPOS="4089.0"
                    WIDTH="2049.0"
                    HEIGHT="194.0"></String>
          </TextLine>
          <TextLine ID="eSc_line_f6fe22d6"
                    TAGREFS="LT80"
                    BASELINE="98 4256 260 4319 392 4328 502 4331 707 4316 1439 4277 2104 4257" 
                    HPOS="81.0"
                    VPOS="4201.0"
                    WIDTH="2023.0"
                    HEIGHT="182.0">
            <Shape><Polygon POINTS="124 4311 224 4322 265 4348 336 4358 339 4358 342 4358 455 4383 508 4362 783 4339 887 4357 903 4347 906 4347 909 4347 909 4344 931 4325 996 4342 999 4342 1001 4342 1139 4319 1187 4311 1209 4316 1248 4328 1251 4328 1254 4328 1257 4328 1260 4328 1276 4314 1288 4308 1341 4308 1352 4311 1394 4330 1397 4330 1418 4360 1475 4309 1566 4297 2104 4288 2104 4257 2099 4221 1981 4204 1978 4204 1975 4204 1930 4224 1928 4224 1922 4224 1829 4201 1827 4201 1824 4201 1821 4201 1790 4227 1784 4229 1765 4227 1717 4218 1714 4218 1658 4229 1616 4235 1580 4229 1479 4213 1476 4213 1473 4213 1411 4232 1403 4235 1400 4232 1375 4218 1372 4218 1369 4218 1366 4218 1327 4237 1289 4237 1267 4235 1248 4235 1225 4243 1206 4238 1178 4224 1175 4224 1173 4224 1170 4224 1167 4224 1126 4245 1095 4230 1077 4255 922 4251 884 4249 856 4257 838 4264 825 4266 805 4260 764 4260 728 4293 703 4295 694 4291 687 4285 672 4284 654 4283 596 4284 473 4306 312 4288 91 4219 81 4298"/></Shape>
	    <String CONTENT="passe aux Arabes. &quot;Bientôt les Grecs ne conser¬"
                    HPOS="81.0"
                    VPOS="4201.0"
                    WIDTH="2023.0"
                    HEIGHT="182.0"></String>
          </TextLine>
          <TextLine ID="eSc_line_4cb7f962"
                    TAGREFS="LT80"
                    BASELINE="117 4343 224 4412 225 4413 326 4435 595 4430 738 4423 2163 4358" 
                    HPOS="100.0"
                    VPOS="4302.0"
                    WIDTH="2063.0"
                    HEIGHT="187.0">
            <Shape><Polygon POINTS="263 4445 269 4445 356 4473 359 4473 362 4473 479 4454 583 4453 599 4489 763 4440 819 4457 822 4457 825 4459 889 4459 889 4457 892 4457 895 4457 895 4454 914 4437 962 4451 965 4451 968 4451 971 4451 1029 4420 1108 4417 1136 4417 1139 4417 1218 4437 1220 4437 1223 4437 1226 4437 1229 4437 1229 4434 1254 4412 1257 4412 1321 4412 1324 4412 1361 4422 1374 4428 1389 4429 1410 4416 1426 4421 1501 4406 1637 4434 1672 4431 1745 4429 1748 4429 1751 4429 1787 4398 1908 4423 1911 4423 1914 4423 2012 4389 2163 4381 2163 4358 2158 4325 1944 4302 1942 4302 1939 4302 1936 4302 1908 4322 1852 4305 1849 4305 1846 4305 1843 4305 1841 4305 1810 4330 1804 4333 1798 4330 1756 4311 1754 4311 1751 4311 1622 4333 1571 4342 1560 4333 1532 4316 1529 4316 1526 4316 1523 4316 1473 4327 1435 4364 1408 4364 1387 4363 1371 4352 1356 4325 1324 4322 1321 4322 1319 4322 1316 4322 1313 4322 1288 4339 1271 4350 1209 4342 1192 4339 1189 4339 1156 4342 1013 4358 990 4344 972 4357 942 4370 918 4379 899 4381 886 4379 858 4370 839 4359 836 4356 815 4365 802 4379 791 4381 789 4381 773 4384 747 4384 703 4388 663 4383 555 4375 483 4382 449 4399 419 4388 381 4378 336 4358 333 4358 245 4373 222 4331 209 4326 121 4320 100 4378 147 4436"/></Shape>
	    <String CONTENT="vèrent plus que la place de Septem (Ceuta) avec"
                    HPOS="100.0"
                    VPOS="4302.0"
                    WIDTH="2063.0"
                    HEIGHT="187.0"></String>
          </TextLine>
          <TextLine ID="eSc_line_50cdec69"
                    TAGREFS="LT80"
                    BASELINE="101 4479 415 4556 570 4540 2082 4465" 
                    HPOS="78.0"
                    VPOS="4401.0"
                    WIDTH="2004.0"
                    HEIGHT="183.0">
            <Shape><Polygon POINTS="92 4531 126 4536 173 4524 241 4574 244 4574 246 4574 274 4584 353 4558 830 4558 830 4555 833 4555 898 4532 985 4549 987 4549 990 4549 993 4549 1024 4527 1156 4541 1159 4541 1406 4518 1436 4530 1439 4530 1463 4521 1714 4509 1748 4502 1777 4510 1866 4521 1869 4521 1871 4521 1916 4496 1919 4496 1928 4496 1987 4507 1989 4507 2079 4490 2082 4465 2079 4434 2003 4401 2001 4401 1998 4401 1995 4401 1908 4434 1852 4420 1849 4420 1846 4420 1843 4420 1807 4437 1804 4440 1798 4437 1756 4415 1754 4415 1751 4415 1748 4415 1745 4415 1709 4440 1703 4443 1692 4440 1668 4456 1615 4441 1568 4439 1552 4443 1484 4451 1462 4443 1447 4452 1408 4437 1382 4444 1365 4442 1341 4445 1313 4459 1145 4459 1111 4448 1066 4431 1063 4431 1060 4431 1058 4431 1009 4461 964 4461 938 4469 933 4474 921 4479 901 4492 888 4486 876 4482 858 4474 810 4495 791 4501 783 4503 774 4502 773 4487 762 4481 748 4475 621 4487 597 4500 584 4491 582 4463 548 4470 533 4472 513 4482 471 4489 454 4490 437 4494 427 4496 423 4495 404 4499 401 4497 376 4485 327 4475 308 4457 305 4457 303 4457 300 4457 286 4459 246 4472 224 4462 218 4459 216 4459 131 4437 78 4462 81 4507"/></Shape>
	    <String CONTENT="quelques débris de la Maurétanie seconde"
                    HPOS="78.0"
                    VPOS="4401.0"
                    WIDTH="2004.0"
                    HEIGHT="183.0"></String>
          </TextLine>
          <TextLine ID="eSc_line_c3d88891"
                    TAGREFS="LT80"
                    BASELINE="101 4565 263 4631 408 4655 552 4638 2045 4563" 
                    HPOS="89.0"
                    VPOS="4513.0"
                    WIDTH="1956.0"
                    HEIGHT="177.0">
            <Shape><Polygon POINTS="198 4657 457 4675 460 4675 463 4675 530 4656 547 4669 571 4690 594 4665 634 4659 692 4656 796 4642 835 4651 850 4670 859 4690 885 4674 906 4646 931 4653 934 4653 990 4633 1018 4656 1021 4656 1024 4656 1077 4678 1128 4636 1217 4669 1258 4637 1336 4629 1355 4664 1387 4652 1606 4617 1734 4617 1742 4649 1801 4622 1818 4605 1855 4617 1857 4617 1860 4617 1863 4617 1866 4617 1866 4614 1869 4614 1880 4600 2045 4583 2045 4563 2041 4513 1908 4535 1599 4535 1533 4534 1501 4537 1475 4525 1427 4545 1412 4556 1388 4555 1352 4555 1274 4546 1271 4546 1142 4566 900 4544 895 4544 892 4544 889 4544 886 4544 825 4583 740 4583 684 4577 649 4569 630 4580 612 4578 598 4584 569 4591 519 4577 516 4577 513 4577 510 4577 507 4577 507 4580 505 4580 499 4588 471 4587 436 4590 391 4603 354 4597 330 4573 273 4603 253 4592 232 4576 164 4542 103 4542 89 4589"/></Shape>
	    <String CONTENT="et de la Tingitane, Majorque, Minorque et"
                    HPOS="89.0"
                    VPOS="4513.0"
                    WIDTH="1956.0"
                    HEIGHT="177.0"></String>
          </TextLine>
          <TextLine ID="eSc_line_43dbd59e"
                    TAGREFS="LT80"
                    BASELINE="111 4666 234 4722 234 4723 343 4741 512 4752 894 4741 2037 4678" 
                    HPOS="82.0"
                    VPOS="4614.0"
                    WIDTH="1955.0"
                    HEIGHT="175.0">
            <Shape><Polygon POINTS="176 4750 236 4743 274 4779 390 4779 392 4779 395 4779 454 4765 493 4785 496 4785 499 4785 502 4785 505 4785 527 4765 547 4782 550 4782 552 4782 555 4782 653 4776 656 4776 659 4776 659 4774 676 4760 816 4771 819 4771 822 4771 825 4771 858 4748 914 4771 917 4771 952 4789 1013 4754 1054 4776 1085 4784 1110 4772 1159 4748 1220 4760 1223 4760 1226 4760 1229 4760 1229 4757 1273 4750 1319 4746 1321 4746 1324 4746 1594 4723 1762 4743 1765 4743 1788 4765 1824 4740 1827 4740 1874 4709 1998 4718 2001 4718 2003 4718 2037 4701 2037 4678 2031 4628 1936 4614 1933 4614 1930 4614 1928 4614 1928 4617 1911 4631 1897 4629 1849 4666 1735 4666 1718 4648 1683 4622 1681 4622 1678 4622 1627 4639 1566 4661 1450 4675 1382 4679 1362 4672 1333 4648 1318 4642 1251 4675 1004 4681 957 4661 923 4647 920 4647 917 4647 914 4647 912 4647 864 4707 816 4711 630 4707 616 4694 597 4703 585 4718 536 4711 519 4704 507 4706 485 4715 446 4711 422 4716 317 4698 289 4684 252 4670 249 4670 246 4670 125 4628 82 4685"/></Shape>
	    <String CONTENT="de rares Villes en Espagne. Il semble qu&#x27;ils"
                    HPOS="82.0"
                    VPOS="4614.0"
                    WIDTH="1955.0"
                    HEIGHT="175.0"></String>
          </TextLine>
          <TextLine ID="eSc_line_e41bcf7d"
                    TAGREFS="LT80"
                    BASELINE="109 4782 264 4837 347 4840 469 4846 839 4830 2031 4796" 
                    HPOS="96.0"
                    VPOS="4743.0"
                    WIDTH="1935.0"
                    HEIGHT="137.0">
            <Shape><Polygon POINTS="561 4877 564 4877 566 4877 569 4877 589 4861 637 4872 639 4872 642 4872 645 4872 710 4855 777 4872 780 4872 783 4872 909 4855 1299 4861 1302 4861 1403 4844 1467 4880 1501 4858 1504 4858 1591 4835 1818 4836 1867 4866 1901 4847 1952 4831 1989 4838 1992 4838 1995 4838 1998 4838 2031 4821 2031 4796 2023 4760 1891 4762 1877 4760 1834 4747 1808 4769 1784 4775 1764 4773 1748 4781 1732 4771 1713 4764 1708 4754 1695 4743 1692 4743 1689 4743 1686 4743 1653 4762 1639 4768 1610 4762 1568 4751 1566 4751 1563 4751 1560 4751 1526 4762 1498 4771 1473 4762 1436 4748 1434 4748 1431 4748 1428 4748 1397 4762 1372 4776 1175 4776 1147 4765 1120 4787 1103 4798 1096 4802 1086 4804 1076 4808 1058 4811 1036 4808 1025 4801 1021 4785 999 4778 968 4781 955 4788 947 4819 928 4815 917 4815 901 4799 888 4790 878 4768 864 4765 861 4765 858 4765 855 4765 855 4768 819 4782 666 4773 596 4794 555 4804 526 4808 509 4816 469 4808 429 4793 383 4780 338 4798 318 4792 259 4804 238 4761 221 4752 178 4773 106 4745 96 4800 225 4859"/></Shape>
	    <String CONTENT="aient constitué le tout en un exarchat qui"
                    HPOS="96.0"
                    VPOS="4743.0"
                    WIDTH="1935.0"
                    HEIGHT="137.0"></String>
          </TextLine>
          <TextLine ID="eSc_line_3abaa30e"
                    TAGREFS="LT80"
                    BASELINE="106 4875 227 4930 388 4962 596 4965 1908 4917" 
                    HPOS="86.0"
                    VPOS="4844.0"
                    WIDTH="1822.0"
                    HEIGHT="184.0">
            <Shape><Polygon POINTS="440 4992 443 4992 507 4981 597 5001 608 5028 718 4998 721 4998 783 4976 914 4987 917 4987 920 4987 971 4970 1366 4987 1369 4987 1470 4964 1507 4956 1535 4964 1580 4978 1582 4978 1585 4978 1588 4978 1591 4978 1615 4994 1647 4972 1711 4945 1787 4962 1832 4973 1835 4973 1838 4973 1860 4962 1883 4953 1902 4962 1908 4917 1890 4858 1879 4862 1866 4881 1689 4844 1686 4844 1683 4844 1681 4844 1624 4889 1546 4889 1522 4881 1517 4884 1503 4887 1493 4891 1482 4895 1464 4896 1453 4891 1424 4888 1389 4849 1386 4849 1383 4849 1380 4849 1378 4849 1349 4875 1279 4875 1276 4875 1274 4875 1234 4897 740 4908 690 4908 638 4892 597 4906 583 4905 551 4901 457 4905 432 4886 429 4886 426 4886 423 4886 420 4886 381 4903 348 4889 316 4874 271 4874 237 4869 184 4846 113 4845 86 4878 153 4969"/></Shape>
	    <String CONTENT="subsista dix ans encore&quot; (Julien 323)."
                    HPOS="86.0"
                    VPOS="4844.0"
                    WIDTH="1822.0"
                    HEIGHT="184.0"></String>
          </TextLine>
        </TextBlock>
        <TextBlock HPOS="2132.0"
                   VPOS="1983.0"
                   WIDTH="1773.0"
                   HEIGHT="1837.0"
                   ID="eSc_textblock_e8b465d5"
                   TAGREFS="BT140">
          <Shape><Polygon POINTS="2188 1983 2132 3820 3873 3677 3905 1983"/></Shape>
          <TextLine ID="eSc_line_94b419e4"
                    TAGREFS="LT80"
                    BASELINE="2295 2159 3805 2067" 
                    HPOS="2290.0"
                    VPOS="2008.0"
                    WIDTH="1515.0"
                    HEIGHT="192.0">
            <Shape><Polygon POINTS="3746 2008 3718 2008 3710 2008 3673 2019 3662 2022 3659 2019 3648 2008 3634 2008 3606 2008 3578 2008 3567 2008 3564 2008 3471 2033 3426 2044 3404 2036 3365 2022 3362 2022 3359 2022 3356 2022 3353 2022 3353 2025 3334 2042 3211 2041 3008 2070 2994 2067 2949 2047 2946 2047 2944 2047 2831 2053 2828 2053 2826 2053 2806 2070 2744 2058 2741 2058 2739 2058 2736 2058 2736 2061 2733 2061 2716 2084 2711 2089 2559 2098 2551 2095 2494 2075 2492 2075 2489 2075 2340 2084 2337 2084 2335 2084 2290 2106 2295 2159 2295 2185 2315 2196 2318 2196 2320 2196 2323 2196 2326 2196 2402 2173 2602 2199 2624 2200 2817 2154 2876 2165 2879 2165 2882 2165 2963 2145 3196 2145 3196 2143 3199 2143 3263 2120 3266 2120 3269 2120 3345 2137 3348 2137 3350 2137 3398 2112 3426 2131 3429 2131 3432 2131 3435 2131 3437 2131 3440 2131 3471 2109 3488 2123 3491 2123 3681 2092 3764 2098 3802 2086 3805 2067 3802 2022 3774 2008"/></Shape>
	    <String CONTENT="On les appelle Sarrasins en Occident"
                    HPOS="2290.0"
                    VPOS="2008.0"
                    WIDTH="1515.0"
                    HEIGHT="192.0"></String>
          </TextLine>
          <TextLine ID="eSc_line_41fe292e"
                    TAGREFS="LT80"
                    BASELINE="2231 2274 3569 2162 3822 2151" 
                    HPOS="2231.0"
                    VPOS="2092.0"
                    WIDTH="1591.0"
                    HEIGHT="210.0">
            <Shape><Polygon POINTS="2233 2302 3356 2215 3449 2196 3735 2171 3819 2176 3822 2151 3816 2106 3690 2094 3678 2092 3661 2111 3610 2107 3569 2125 3539 2123 3533 2126 3519 2126 3471 2132 3441 2139 3389 2145 3381 2149 3366 2151 3353 2149 3300 2143 3294 2140 3278 2128 3275 2128 3272 2128 3269 2128 3266 2128 3263 2128 3244 2145 3227 2157 3165 2159 3089 2154 3033 2151 3031 2151 3028 2151 2988 2162 2921 2179 2862 2171 2826 2165 2823 2165 2820 2165 2817 2165 2803 2173 2775 2190 2747 2179 2730 2171 2727 2171 2725 2171 2722 2171 2674 2208 2639 2210 2594 2216 2590 2202 2574 2200 2547 2205 2521 2204 2502 2199 2440 2204 2391 2196 2250 2223 2231 2274"/></Shape>
	    <String CONTENT="D&#x27;après Littré le mot vient d scarkiin ="
                    HPOS="2231.0"
                    VPOS="2092.0"
                    WIDTH="1591.0"
                    HEIGHT="210.0"></String>
          </TextLine>
          <TextLine ID="eSc_line_ffd1d8b8"
                    TAGREFS="LT80"
                    BASELINE="2225 2370 3802 2252" 
                    HPOS="2225.0"
                    VPOS="2209.0"
                    WIDTH="1577.0"
                    HEIGHT="192.0">
            <Shape><Polygon POINTS="2225 2392 2363 2401 2365 2401 2368 2401 2466 2375 2492 2370 2506 2373 2570 2384 2598 2392 2811 2384 2831 2367 2907 2342 2910 2342 2913 2342 3036 2350 3039 2350 3042 2350 3045 2350 3045 2347 3059 2336 3126 2342 3129 2342 3331 2311 3398 2322 3401 2322 3404 2322 3407 2322 3435 2302 3435 2300 3802 2272 3802 2252 3797 2213 3698 2209 3683 2209 3651 2231 3620 2227 3617 2227 3609 2227 3524 2230 3476 2230 3455 2238 3392 2260 3358 2261 3106 2266 3095 2260 3073 2249 3070 2249 3067 2249 3064 2249 3019 2266 2991 2274 2963 2269 2918 2260 2915 2260 2913 2260 2871 2274 2806 2271 2640 2300 2610 2291 2584 2286 2581 2286 2579 2286 2576 2286 2556 2297 2539 2305 2503 2300 2469 2294 2466 2294 2464 2294 2461 2294 2447 2302 2422 2319 2244 2328 2225 2370"/></Shape>
	    <String CONTENT="Oriental ; d&#x27;après Darmesteter du"
                    HPOS="2225.0"
                    VPOS="2209.0"
                    WIDTH="1577.0"
                    HEIGHT="192.0"></String>
          </TextLine>
          <TextLine ID="eSc_line_f8b5002a"
                    TAGREFS="LT80"
                    BASELINE="2219 2462 3000 2420 3468 2367 3808 2344" 
                    HPOS="2214.0"
                    VPOS="2300.0"
                    WIDTH="1596.0"
                    HEIGHT="202.0">
            <Shape><Polygon POINTS="2219 2485 2382 2502 2385 2502 2388 2502 2441 2479 2458 2496 2461 2496 2464 2496 2466 2496 2643 2465 2772 2474 2775 2474 2778 2474 2851 2448 2879 2465 2882 2465 2885 2465 2887 2465 2890 2465 2938 2448 3193 2448 3193 2445 3306 2437 3308 2437 3390 2406 3393 2406 3395 2406 3418 2417 3421 2417 3423 2417 3426 2417 3450 2394 3488 2387 3810 2369 3808 2344 3802 2300 3687 2322 3480 2337 3441 2313 3380 2347 3283 2333 3278 2336 3247 2356 3168 2344 3154 2344 3151 2344 3148 2344 3146 2344 3146 2347 3143 2347 3123 2364 3075 2353 3061 2350 3059 2350 3056 2350 3047 2356 3025 2364 2991 2359 2969 2356 2966 2356 2963 2356 2960 2356 2952 2361 2921 2381 2631 2416 2581 2389 2573 2384 2570 2384 2567 2384 2565 2384 2562 2384 2545 2392 2517 2406 2489 2395 2486 2395 2483 2395 2480 2395 2478 2395 2472 2398 2436 2415 2214 2415 2219 2462"/></Shape>
	    <String CONTENT="nom d&#x27;une peuplade arabe étendu à"
                    HPOS="2214.0"
                    VPOS="2300.0"
                    WIDTH="1596.0"
                    HEIGHT="202.0"></String>
          </TextLine>
          <TextLine ID="eSc_line_74daa35c"
                    TAGREFS="LT80"
                    BASELINE="2205 2563 2988 2513" 
                    HPOS="2200.0"
                    VPOS="2467.0"
                    WIDTH="788.0"
                    HEIGHT="127.0">
            <Shape><Polygon POINTS="2205 2586 2377 2594 2379 2594 2500 2574 2596 2560 2612 2572 2621 2577 2624 2577 2626 2577 2629 2577 2632 2577 2635 2577 2635 2574 2643 2569 2657 2558 2736 2563 2739 2563 2741 2563 2775 2549 2814 2563 2817 2563 2820 2563 2823 2563 2988 2555 2988 2513 2934 2482 2887 2476 2815 2467 2797 2486 2785 2499 2699 2490 2652 2482 2629 2486 2610 2475 2578 2497 2562 2506 2551 2508 2488 2504 2464 2497 2419 2499 2354 2513 2351 2513 2281 2493 2278 2493 2276 2493 2273 2493 2200 2518 2205 2563"/></Shape>
	    <String CONTENT="toutes les autres."
                    HPOS="2200.0"
                    VPOS="2467.0"
                    WIDTH="788.0"
                    HEIGHT="127.0"></String>
          </TextLine>
          <TextLine ID="eSc_line_5b6b3ea4"
                    TAGREFS="LT80"
                    BASELINE="2095 3018 2834 2970" 
                    HPOS="2104.0"
                    VPOS="2903.0"
                    WIDTH="730.0"
                    HEIGHT="154.0">
            <Shape><Polygon POINTS="2812 2920 2733 2931 2722 2925 2680 2903 2677 2903 2674 2903 2671 2903 2669 2903 2669 2905 2638 2931 2602 2929 2517 2943 2456 2972 2334 2972 2308 3006 2294 3007 2286 2988 2234 2993 2198 2987 2151 2987 2110 2995 2104 3018 2117 3052 2191 3037 2320 3043 2368 3046 2371 3046 2374 3046 2397 3052 2430 3023 2452 3032 2464 3037 2466 3037 2469 3037 2537 3026 2607 3012 2621 3018 2643 3029 2646 3029 2671 3057 2831 2998 2834 2970 2828 2922 2820 2922"/></Shape>
	    <String CONTENT="sous le patrice Jean"
                    HPOS="2104.0"
                    VPOS="2903.0"
                    WIDTH="730.0"
                    HEIGHT="154.0"></String>
          </TextLine>
          <TextLine ID="eSc_line_c0fdcc66"
                    TAGREFS="LT80"
                    BASELINE="2238 2941 2308 2936 2408 2930" 
                    HPOS="2218.0"
                    VPOS="2863.0"
                    WIDTH="208.0"
                    HEIGHT="135.0">
            <Shape><Polygon POINTS="2315 2869 2407 2886 2426 2919 2396 2959 2337 2956 2312 2998 2258 2974 2218 2964 2267 2863"/></Shape>
	    <String CONTENT="695"
                    HPOS="2218.0"
                    VPOS="2863.0"
                    WIDTH="208.0"
                    HEIGHT="135.0"></String>
          </TextLine>
          <TextLine ID="eSc_line_cfae3471"
                    TAGREFS="LT80"
                    BASELINE="2179 3712 2848 3646 3642 3608" 
                    HPOS="2158.0"
                    VPOS="3539.0"
                    WIDTH="1484.0"
                    HEIGHT="227.0">
            <Shape><Polygon POINTS="3522 3559 3519 3559 3491 3539 3488 3539 3485 3539 3482 3539 3480 3539 3418 3565 3415 3567 3415 3565 3393 3548 3393 3545 3390 3545 3387 3545 3384 3545 3328 3551 3325 3551 3322 3551 3322 3553 3320 3553 3306 3573 3300 3579 3199 3584 3191 3581 3165 3562 3162 3562 3160 3562 3157 3562 3073 3573 3070 3573 3067 3573 3047 3582 3025 3585 2982 3584 2896 3587 2893 3587 2890 3587 2887 3583 2882 3582 2877 3586 2872 3586 2868 3588 2854 3590 2845 3590 2843 3590 2840 3590 2837 3590 2795 3607 2789 3607 2786 3607 2741 3593 2712 3605 2689 3620 2664 3607 2636 3598 2627 3636 2492 3635 2436 3629 2360 3621 2357 3621 2213 3640 2158 3722 2158 3730 2191 3750 2194 3750 2197 3750 2265 3766 2405 3733 2407 3733 2410 3733 2413 3733 2416 3733 2419 3733 2447 3716 2539 3738 2579 3722 2581 3722 2629 3696 2632 3696 2646 3696 2739 3699 2741 3699 2744 3699 2747 3699 2761 3688 2772 3682 2784 3688 2803 3694 2806 3694 2809 3694 2812 3694 2837 3685 2845 3680 2851 3682 2873 3696 2876 3696 2879 3696 2882 3696 2885 3696 2887 3696 2913 3680 2924 3671 2963 3677 2997 3680 3000 3680 3075 3668 3191 3652 3227 3660 3261 3666 3263 3666 3325 3652 3384 3640 3415 3646 3452 3657 3454 3657 3457 3657 3460 3657 3508 3640 3539 3632 3564 3638 3595 3646 3597 3646 3600 3646 3603 3646 3642 3632 3642 3610 3631 3573 3614 3553"/></Shape>
	    <String CONTENT="698 conquête définitive cette fois."
                    HPOS="2158.0"
                    VPOS="3539.0"
                    WIDTH="1484.0"
                    HEIGHT="227.0"></String>
          </TextLine>
        </TextBlock>
      </PrintSpace>
    </Page>
  </Layout>
</alto>
