3960 5049
3450.0 58.0 460.0 246.0 162

51.0 0.0 2011.0 160.0 du royaume <..>ait été la base du pouvoir

38.0 113.0 2074.0 126.0 royal devait peu à peu le céder à l'Austrasie

30.0 220.0 2057.0 95.0 où la vie était évidemment moins basée sur

51.0 305.0 2062.0 107.0 l'économie monétaire. Pour l impôt, on ne

29.0 406.0 2156.0 128.0 le percevait pas chez les Bavarois et les Thuringiens.

33.0 484.0 2051.0 158.0 Nous savons que les Saxons comme tribut,

51.0 596.0 2061.0 133.0 payaient 500 vaches. La décadence du com¬

48.0 693.0 2090.0 118.0 merce affecta donc certainement beaucoup

37.0 784.0 2118.0 151.0 moins ces régions là. C'est d'elles que devait

33.0 892.0 2081.0 132.0 provenir le mouvement de restauration.

88.0 1001.0 1982.0 142.0 Au contraire, en Neustrie, l'aristocratie

27.0 1109.0 2110.0 136.0 cherche évidemment à profiter de la faiblesse

17.0 1215.0 2066.0 134.0 croissante du roi. Mais la royauté trouva des

19.0 1317.0 2105.0 129.0 défenseurs. La politique de Brunehaut se re¬

40.0 1403.0 2095.0 164.0 trouve autant qu'on puisse l'entrevoir par

21.0 1514.0 2028.0 141.0 notre misérable information dans le

34.0 1617.0 2040.0 147.0 maire Ebroïn. Le despotisme dont on l'ac¬

24.0 1711.0 1983.0 155.0 cuse dès 664 vient certainement de sa

9.0 1824.0 2032.0 180.0 tentative de maintenir l administration

29.0 1940.0 2125.0 157.0 royale, c à d l'administration à la romaine

15.0 2042.0 2078.0 156.0 avec son personnel dans la main du roi et

32.0 2137.0 2093.0 170.0 les grands soumis à celui-ci. On peut consi¬

15.0 2251.0 2034.0 186.0 dérer la date de 681 qui est celle de son

17.0 2385.0 2019.0 129.0 assassinat comme l'échec final du con¬

30.0 2471.0 2109.0 179.0 flit. Et à ce moment, qui coïncide à peu près

19.0 2580.0 2071.0 173.0 avec la prise de Carthage, le commerce ma¬

32.0 2684.0 2126.0 181.0 ritime s'il en subsiste encore quelque chose,

28.0 2784.0 1121.0 181.0 c'est bien peu de chose.

45.0 2928.0 2050.0 154.0 Désormais le roi est aux mains de l'aristo¬

26.0 3022.0 2084.0 173.0 cratie. Peut-être a-t-il cherché à s'appuyer

9.0 3125.0 2057.0 203.0 sur l'Eglise. En 698-699, Childebert III accorde

24.0 3262.0 2107.0 176.0 à l'évêque du Mans le privilège de désigner

27.0 3346.0 2016.0 188.0 le comte ou duc du Maine avec les abbés,

31.0 3454.0 1993.0 223.0 prêtres et pagenses de la région (Lot. Rev.

20.0 3563.0 529.0 219.0 droit 1924).

14.0 3685.0 2092.0 213.0 Mais l'Eglise elle même tombe dans l'a¬

5.0 3804.0 2101.0 181.0 narchie. Il suffit pour s'en rendre compte

21.0 3917.0 2075.0 181.0 de lire les listes episcopales dressées par Du¬

2.0 4019.0 2026.0 200.0 chesne. Elles montrent que le désordre des

19.0 4118.0 2064.0 199.0 Eglises est infiniment plus grand dans le Sud

9.0 4247.0 2029.0 206.0 de la Gaule que dans le Nord. D'une manière

12.0 4339.0 2027.0 213.0 générale, le évêques disparaissent vers 680

12.0 4454.0 2060.0 217.0 pour ne reparaître que vers 800. Sans doute

10.0 4549.0 2004.0 230.0 il faut tenir compte du hasard qui nous a

17.0 4652.0 2033.0 240.0 dérobé des noms, mais le fait est trop général

20.0 4760.0 2176.0 246.0 pour qu'on ne doive pas lui attribuer une cause

2229.0 2947.0 1660.0 144.0 Non. Cette mesure est certainement

2197.0 3020.0 1760.0 181.0 de son <......> maire du palais Grimoald ?

2181.0 3158.0 603.0 146.0 fils de Pepin.
