3978 5058
3378.0 69.0 463.0 386.0 167

75.0 33.0 2105.0 131.0 "Un immense déplacement dans les fonc¬

60.0 147.0 1974.0 130.0 tions et les dignités" Tout le personnel du

49.0 227.0 1959.0 134.0 Palais est transformé. Léger condamné à

34.0 271.0 3037.0 190.0 mort, après avoir été aveuglé suivant la coutume byzantine (Richter, 173)

51.0 419.0 2052.0 164.0 Tout le parti aristocratique n'a plus mainte¬

36.0 551.0 2006.0 163.0 nant d'espoir qu'en Pepin qui en Austrasie

47.0 650.0 1988.0 136.0 a pris la dignité de maire du palais à la + de

35.0 730.0 2003.0 157.0 Wulfoad. A quel titre ? Sans doute comme < fils >

49.0 828.0 2043.0 144.0 < de son père . >. Ce serait donc en vertu de cette héré¬

32.0 927.0 2011.0 172.0 dité qu'Ebroïn combat en Neustrie. Il y exer¬

64.0 1036.0 2016.0 137.0 ce un pouvoir de fait Les Chroniqueurs disent

53.0 1124.0 2030.0 140.0 "Dominabatur in Austria" (Fustel p.168) Il

46.0 1226.0 1974.0 148.0 n'est < cependant > pas un fonctionnaire. Le pou¬

30.0 1318.0 2029.0 163.0 voir qu'il détient s'explique par les biens de sa

63.0 1416.0 1944.0 174.0 famille et sa qualité de chef reconnu de l'a

43.0 1521.0 2056.0 161.0 ristocratie. A en croire les Annales Met¬

78.0 1632.0 2014.0 150.0 tenses, "beaucoup de grands de Neustrie

50.0 1731.0 1979.0 150.0 traités cruellement par Ebroïn passèrent de

56.0 1811.0 2091.0 159.0 Neustrie en Austrasie et se réfugièrent auprès

44.0 1942.0 1957.0 135.0 de Pepin" ceci en 681 (Fustel p. 178) Ainsi l'

15.0 2017.0 1982.0 196.0 Austrasie / devenait le protagoniste de l'a¬

449.0 2040.0 374.0 91.0 germanique

60.0 2151.0 562.0 132.0 ristocratie.

64.0 2221.0 1931.0 174.0 Depuis la + de Dagobert II, c a d. depuis son as¬

30.0 2339.0 2045.0 152.0 sassinat, peut-être à l'instigation d Ebroïn en

44.0 2416.0 1988.0 199.0 678 il n'y a plus de roi en Austrasie. Pepin qui

54.0 2520.0 1962.0 161.0 a succédé comme Maire à Wulfoad renversé

55.0 2626.0 1981.0 153.0 s. d. à cette occasion, marche alors contre E¬

64.0 2725.0 2063.0 170.0 broïn mais est vaincu près de Laon (Richter 174)

50.0 2830.0 1994.0 160.0 En 681 Ebroïn est assassiné par Ermenfridus

55.0 2924.0 1985.0 185.0 qui ad Pipinem in Auster fugiens evasit (Ibid.

73.0 3028.0 1990.0 162.0 175). On aurait depuis toujours supposé que Pepin

42.0 3152.0 1985.0 148.0 eut la main là dedans, s il ne fallait ménager

48.0 3245.0 1970.0 152.0 les carolingiens. Waratto succède en Neustrie

57.0 3349.0 1940.0 142.0 comme maire du palais à Ebroïn et fait la

47.0 3461.0 1940.0 145.0 paix avec Pepin. Mais Waratto renversé par

50.0 3550.0 2037.0 187.0 son fils Gislemar qui marche contre Pepin qu'il

40.0 3640.0 2053.0 162.0 bat à Namur, puis il meurt (assassiné ?) et

52.0 3744.0 1911.0 173.0 Waratto redevient maire et fait la paix

59.0 3844.0 2049.0 205.0 avec Pepin (683). Il meurt en 686 et son gendre

71.0 3984.0 1919.0 150.0 Berthaire lui succède "statura pusillum,

38.0 4071.0 2342.0 178.0 sapientia ignobilem, consilio inutilem" (Richter 176)

49.0 4185.0 1986.0 165.0 Alors d'après le continuateur de Fredegaire, une

41.0 4269.0 2076.0 190.0 partie des grds francs, dont l'archevèque de Reims,

49.0 4381.0 1995.0 179.0 furieux vont à Pepin. Celui-ci marche contre

60.0 4479.0 1960.0 165.0 Berthaire et le roi Thierry qui sont vaincus à

47.0 4559.0 2100.0 193.0 Testri près de S. Quentin en 687. Berthaire est

53.0 4686.0 2027.0 165.0 assassiné en 688 et Pepin reconnu par le roi

2035.0 641.0 1348.0 197.0 descendant de Pepin I et de Grimoald

2178.0 724.0 1625.0 273.0 (Anségise père de Pepin II n'a pas été maire).

2155.0 1912.0 1818.0 152.0 mais plutôt < salienne >. La bande franque

2246.0 1817.0 1666.0 160.0 Ce n'est pas germanique qu'il faut dire,

2131.0 1982.0 1809.0 200.0 de la Romania prend le dessus sur celle-ci

2805.0 1931.0 260.0 62.0 franque
