3978 5085
3486 59 415 258 163

21 10 2022 174 profonde. Quelques exemples à Perigueux

27 154 2065 134 après Ermenomaris (673-675) plus d eveques

14 258 2064 130 anterieurs au Xe s. De même à Agen. De m.

12 351 2030 143 à Bordeaux, interruption de 673-5 à 814 ;

29 445 2017 152 à Mende de 614 à Louis le Pieux, a Limoges,

5 563 1992 151 interruption d'un siècle après Emenus, à

16 658 1974 159 Cahors, même chose après Beto (673-5). à

12 775 2002 136 Auch de même jusqu'en 836, à Lectoure,

14 881 2027 142 a S. Bertrand de Comminges, a S. Lizier,

3 987 2127 143 à Aire, à Autun rien de 693-762, a Chalon

0 1084 2131 185 entre 675-779, Genève 650-833, Die 614

18 1191 2060 161 à 788, Arles de 683-794. Interruptions sem¬

5 1301 2122 179 blables à Orange, Avignon, Carpentras, Mar¬

2 1398 2064 182 seille, à Toulon 679-879, Aix 636-794, An¬

0 1492 2145 191 tibes 660-788, Embrun, 677-828, Narbonne

12 1601 2099 208 689-769, Toulouse 673-788, Beziers, 693-

11 1728 2065 217 788, Nimes, 680-788. Lodève 683-817,

2 1849 2047 212 Uzès 675-788, Agde 683-788, Mague¬

4 1985 2010 203 lonne, 683-788, Carcassonne 683-788

20 2093 807 193 Elne 683-788.

25 2239 1978 153 On a constaté d'ailleurs la disparition

523 2351 719 68 ds le dernier tiers du

0 2345 2722 190 des synodes <...> VIIe siecle. Il n'y en a pl au VIIIe av Pepin et Carloman

21 2476 2027 153 De même Leblanc constate la disparition

10 2571 1266 173 croissante des inscriptions.

20 2690 1977 191 Et si l'on songe maintenant à l'influence

16 2811 2050 162 croissante que les évêques exerçaient dans les

10 2906 1995 155 cités, on doit conclure au détraquement de

19 3007 1991 149 celles-ci, sans aucun doute ce qu'elles avaient

8 3089 2027 160 conservé de leur curia disparait au milieu de

0 3176 2073 177 cette anarchie. Mais on doit conclure aussi que

13 3292 2109 172 leur population marchande disparait, Aussi que

18 3396 1983 195 la vie urbaine telle que le commerce l'avait

0 3491 2005 174 conservée s'évapore. La source méditerra¬

5 3586 1981 231 néenne de leur vie que les invasions du Ve s.

16 3722 2038 168 n'avaient pas tarie se dessèche maintenant

16 3824 1073 165 que la mer est fermée.

41 3923 2039 193 Et il est caractéristique que les grandes fa¬

2 4024 2121 185 milles sénatoriales se raréfient de leur côté

16 4127 2137 193 dans un milieu si profondément transformé,

15 4218 2043 216 ces familles qui fournissaient non seulement

23 4342 2003 199 le personnel ecclésiastique des diocèses, mais

31 4446 2021 209 le haut personnel laïque de l'administra¬

14 4558 1966 199 tion. Surement à partir du milieu du VIIe s.

22 4654 1976 210 la société se déromanise et ce sera chose

29 4759 1973 215 faite ou à peu près au commencement du VIIIe

30 4855 1972 227 C'est la même population, mais ce n'est plus

2320 1555 1651 253 D'après Lot-Glotz p. 332 le dernier concile

2288 1695 1560 193 est de 69<.> et il n'y en aura plus avant

2294 1837 717 167 742 (Ibid. p.345)

2910 2305 919 178 Lot Bul Ducange

3197 2447 547 142 1931 p.143.

2109 4411 1718 171 La dernière mention d'une personne

2059 4538 1879 192 sénatoriale en Gaule est du début du VIIIe s.

2058 4686 854 171 Lot-Glotz 311 n. 69.
