4090 5056
3596.0 44.0 286.0 183.0 45

106.0 84.0 2028.0 143.0 La population italienne est écrasée d'im¬

98.0 182.0 1983.0 141.0 pots. Belisaire a repris avec lui la plus

103.0 286.0 2029.0 163.0 grande partie des troupes. Ce qu'il en reste

98.0 396.0 1989.0 153.0 est réparti dans des garnisons sans com¬

89.0 525.0 1141.0 140.0 mandement général.

109.0 573.0 2023.0 191.0 C'est ce qui explique les succès de Hildebad

103.0 710.0 2059.0 138.0 qui commence avec 1000 hommes et n'a pour

106.0 800.0 2028.0 146.0 lui que Ticium c. a. d. Pavie. Il bat le ma¬

103.0 921.0 1995.0 146.0 gister militum per Illyricum puis est assas¬

101.0 1039.0 2000.0 153.0 siné (Hartmann 301). Son successeur est un

109.0 1131.0 2009.0 172.0 Rugue, pas un Goth, ce qui en dit long sur la

129.0 1252.0 2084.0 159.0 rationalité du combat, qui à peine nommé

109.0 1339.0 2014.0 166.0 cherche à s arranger avec Justinien et lui

109.0 1457.0 2068.0 152.0 propose comme Theodahad l avait déjà fait

112.0 1581.0 1972.0 149.0 de trahir les Goths et d'aller vivre à Cons¬

126.0 1696.0 1977.0 160.0 tantinople moyennant le titre de pa¬

132.0 1803.0 2022.0 151.0 trice. Mais il est aussi assassiné (Hart¬

126.0 1915.0 1958.0 146.0 mann 301) Son successeur (541) Totila un

120.0 2030.0 2068.0 162.0 cousin de Hildebad reçoit alors la couronne,

117.0 2143.0 1972.0 146.0 bien qu'il fût en negociation avec la cour pr

123.0 2249.0 1961.0 135.0 se soumettre. Mais roi il va déployer une

120.0 2345.0 2031.0 177.0 remarquable énergie. Lot le dit chevale¬

120.0 2463.0 2045.0 154.0 resque et ne songeant qu'à sauver son peu¬

123.0 2584.0 1952.0 145.0 ple. Hartmann, p. 302 me semble mieux

129.0 2685.0 2011.0 132.0 voir en disant qu il ne s est identifié avec

129.0 2792.0 2005.0 140.0 le peuple que dans la mesure de ses intérêts

129.0 2890.0 1980.0 170.0 "Hildebad, Erarich, Totila sie waren alle

137.0 2999.0 2062.0 169.0 zu bestimmten Zeiten gemigt mit dem Kai¬

126.0 3106.0 1952.0 188.0 ser zu paktiren otere Rucksicht auf sei

137.0 3266.0 1051.0 124.0 germanische Nation"

132.0 3339.0 1997.0 180.0 L'armée d Totila se grossit de deserteurs im¬

120.0 3449.0 1974.0 185.0 periaux, d'esclaves, de colons italiens que son

120.0 3569.0 2028.0 166.0 hostilité aux grands propriétaires lui amène.

1054.0 3657.0 810.0 92.0 apres la prise d Rome

120.0 3702.0 2062.0 129.0 Il essaye d'ailleurs <... ... ....> de négocier

132.0 3811.0 1969.0 141.0 avec Justinien qui le considère comme un

143.0 3929.0 1997.0 143.0 Tyran et ne daigne pas l'entendre. Il ne de¬

134.0 4050.0 1972.0 152.0 manderait qu'à faire la paix si Justinien

132.0 4162.0 2092.0 141.0 voulait accepter qu il paye tribut et lui four¬

137.0 4269.0 1927.0 140.0 nisse le service militaire (Hartmann, 328)

137.0 4373.0 2093.0 143.0 Voir en lui un héros national est insensé.

126.0 4480.0 1949.0 168.0 Le 17 déc. 546 il entre à Rome que Belisaire

129.0 4598.0 2039.0 157.0 renvoyé en Italie n'a pu défendre. Il reprend

134.0 4637.0 3871.0 230.0 la Sicile la Sardaigne, la Corse. Il a fait une flotte av des navires byzantins capturés (Hartman

3738.0 4704.0 245.0 118.0 p.323)

2140.0 997.0 323.0 106.0 Erarich

2145.0 3407.0 689.0 135.0 Hartmann, 305.

2337.0 3907.0 1609.0 154.0 Mais il est certainement un des plus

2339.0 4008.0 1649.0 171.0 intelligents de ces rois germaniques Son

2334.0 4098.0 1626.0 179.0 humanité a fait beaucoup pour lui

2349.0 4192.0 1594.0 161.0 concilier les populat^ romaines aigries

2365.0 4320.0 781.0 115.0 et malheureuses.
