3978 5058
3412.0 21.0 447.0 294.0 178

52.0 39.0 2044.0 151.0 pereur, depuis l'entrée de Bélisaire à Ro¬

22.0 157.0 2062.0 131.0 me. A partir de Vigile (537-555) depuis 550 il

41.0 253.0 2091.0 98.0 introduit le nom de l'empereur dans la date

46.0 345.0 531.0 110.0 de ses actes.

34.0 422.0 2108.0 146.0 Et pourtant l'Empereur le prend de haut avec

25.0 531.0 2098.0 151.0 lui. Le pape Silvère, sous prétexte d'entente avec

28.0 628.0 2158.0 138.0 les goths est déposé par Belisaire en 537 pendant

21.0 719.0 2038.0 155.0 le siege de Rome par Witigès et déporté dans

17.0 810.0 2123.0 138.0 l'île de Palmataria (Hartmann I 384) et rem¬

45.0 879.0 2075.0 151.0 placé par la volonté de Theodose par son enne¬

37.0 981.0 2025.0 133.0 mi Vigile. Celui-ci pourtant devait aussi é¬

54.0 1067.0 2052.0 140.0 prouver l'absolutisme religieux de Justinisen

55.0 1160.0 2036.0 147.0 à propos de l affaire des trois chapitres c a d de

47.0 1250.0 1973.0 153.0 l edit imperial de 543 anathématisant

44.0 1348.0 2041.0 150.0 trois theologiens du Ve s. prétendus Nestoriens,

54.0 1424.0 2002.0 165.0 dans le buts de donner une satisfaction aux

48.0 1512.0 2051.0 182.0 monophysites et de reconcilier avec eux l Etat

58.0 1606.0 2072.0 178.0 et les orthodoxes. Mais les occidentaux, surtout

55.0 1711.0 2094.0 173.0 les Africains, protestent. Le pape Vigile est ap¬

63.0 1824.0 2137.0 167.0 pelé à Rome pour approuver l'édit. Il se déclare

63.0 1941.0 2043.0 142.0 contre et excomunie le patriarche de Constan¬

46.0 2042.0 2084.0 154.0 tinople. Mais il finit par céder en 548. Mais

38.0 2139.0 1991.0 139.0 l'Occident et les Africains protestent. Vigile

48.0 2244.0 2131.0 154.0 retire son acquiescement. Justinien convoque

41.0 2341.0 2104.0 148.0 alors un concile en 553 mais le pape, quoique

54.0 2453.0 2033.0 151.0 retenu à Constantinople n'y assiste pas. Les 3

67.0 2553.0 2055.0 154.0 chapitres y sont condamnés et Justinien persécute

50.0 2634.0 2055.0 159.0 les non adhérents. Vigile est exilé dans une

64.0 2726.0 2125.0 170.0 île de la mer de Marmara. Finalement il cède

70.0 2845.0 1922.0 145.0 et est autorisé à retourner à Rome mais

51.0 2895.0 3028.0 199.0 meurt en cours de route à Syracuse en 555 (Vassiliev I 201-202).

44.0 3034.0 2117.0 171.0 Son successeur Pélage I consacré en 555 a été

59.0 3148.0 2159.0 165.0 designé par Justinien. Il maintient comme

55.0 3244.0 2034.0 164.0 il peut la paix d l Eglise car le consentemt gé¬

44.0 3345.0 2044.0 161.0 neral ne se fait pas sur l'affaire des trois cha¬

45.0 3438.0 1984.0 173.0 pitres. Et après la guerre l Eglise d'Italie est

44.0 3540.0 1299.0 181.0 dans le plus grand désordre.

69.0 3654.0 2060.0 183.0 Et là dessus arrivent les Lombards et l'empe¬

52.0 3779.0 1987.0 153.0 reur retenu en Asie et au bord du Danube a

55.0 3877.0 2019.0 148.0 rappelé les troupes de guerre. C'est le moment où

49.0 3964.0 2149.0 177.0 l'Orient dit Vassil. I, 225 traverse une des periodes

63.0 4055.0 2073.0 190.0 les plus critiques et les plus troublées de son his¬

44.0 4171.0 1993.0 182.0 toire. Le gouverneur de Ravenne n'ayant pas de

53.0 4277.0 2010.0 166.0 troupes suffisantes se cantonne à l'interieur

48.0 4348.0 2082.0 199.0 des murs. Ainsi les barbares avancent comme ils

66.0 4456.0 2022.0 177.0 veulent. La création sous l'empereur Maurice

60.0 4556.0 2030.0 197.0 (582-602) de l'exarque qui concentre en ses

69.0 4670.0 1995.0 187.0 mains les fonctions civiles et militaires et

68.0 4776.0 1978.0 197.0 munis de pouvoirs illimités (Vassil I 228) ne

2088.0 3563.0 252.0 128.0 568

2292.0 337.0 1650.0 183.0 L'empereur prétend le plier au césaro¬

2264.0 448.0 1632.0 185.0 papisme dont il se sert dans des vues

2247.0 500.0 1715.0 230.0 politiques toutes provoquées par la situation

2236.0 688.0 569.0 138.0 de l'Orient.

2243.0 2265.0 1670.0 206.0 ni non pl la grde majorité des Ev. d Occid.

2241.0 2377.0 1737.0 194.0 C est un concile Grec presidé p les patriar¬

2248.0 2470.0 1615.0 174.0 che de Constantinople (Hartmann I 392).
