3978 5058
3492.0 10.0 388.0 236.0 184

21.0 1.0 2059.0 153.0 extrmas Occidentis regiones versus il¬

3.0 75.0 2031.0 182.0 los qui sanctum baptisma efflagitant"

21.0 185.0 2092.0 156.0 (Jaffé I, p.254). Il defend en outre que le cens

38.0 269.0 2062.0 171.0 donc l'impôt soit payé à l'empereur (Ibid).

35.0 369.0 2002.0 161.0 Et là dessus les troupes se soulèvent partout,

23.0 470.0 2090.0 135.0 defont leurs chefs, s'en donnent d'autres ; l'exar¬

38.0 548.0 2088.0 158.0 que Paul est tué dans une émeute, les Ro¬

31.0 648.0 2013.0 148.0 mains chassent leur duc. A peu près toute

26.0 754.0 2021.0 174.0 l Italie byzantine en pleine révolte. On y au¬

36.0 855.0 2021.0 152.0 rait sans doute nommé un anti-empe¬

38.0 965.0 1953.0 146.0 reur si le pape l'avait conseillé (Hartmann

26.0 1048.0 2157.0 184.0 II2 95) mais d'après Hartmann il ne voulait

32.0 1167.0 1984.0 163.0 pas faire place en Italie à côte de lui à un

20.0 1262.0 2036.0 158.0 empereur ou est-ce un scrupule de loyalisme ?

94.0 1384.0 1964.0 156.0 Le nouvel exarque envoyé à Ravenne ne

30.0 1490.0 2041.0 161.0 peut rien car il n'est pas possible de lui en¬

28.0 1590.0 2020.0 153.0 voyer des troupes. La situation est d'autant pl

42.0 1674.0 2047.0 178.0 grave que les ducs Lombards de Spolète et de Bé¬

47.0 1772.0 2121.0 148.0 névent soutiennent le pape. Alors il n'y a qu'une

44.0 1859.0 1982.0 165.0 chose à faire, s allier au Roi Luitprand <... ...>

34.0 1971.0 1952.0 176.0 <.. .. ........>. Grâce à lui l'exarque entre à

35.0 2056.0 2009.0 178.0 Rome et si le pape continue à s'opposer à l'ico¬

37.0 2154.0 2052.0 175.0 noclastie, politiquement il rentre dans l'or¬

41.0 2254.0 2060.0 162.0 dre. Il cesse d'être comme dit Hartmann le chef

56.0 2352.0 2063.0 150.0 d l revolution en Italie pour redevenir un sujet

53.0 2451.0 2064.0 173.0 fidèle de l'empereur au temporel car au Spirituel

50.0 2563.0 2130.0 153.0 il proteste de nouveau contre l edit iconoclaste

51.0 2673.0 2023.0 145.0 de 730 et déclare le patriarche de Constanti¬

42.0 2770.0 1995.0 174.0 nople déchu de sa qualité. Pour le reste, le pape

52.0 2890.0 2028.0 149.0 agit maintenant d'accord avec l'exarque. Un

57.0 2994.0 1964.0 162.0 anti empereur proclamé en Toscane est tué et

63.0 3100.0 1970.0 167.0 sa tête envoyé à Byzance Ravenne qui ve¬

65.0 3207.0 2087.0 163.0 nait de repousser une flotte byzantine retom¬

65.0 3311.0 1618.0 157.0 be au pouvoir de l'exarque (H 99).

70.0 3422.0 1946.0 182.0 Grégoire II mort en 731, son successeur fut

75.0 3535.0 1915.0 173.0 Gregoire III, le dernier pape qui ait demandé

75.0 3629.0 1870.0 175.0 sa confirmation à l'empereur (Jaffé, 257).

54.0 3722.0 1990.0 183.0 C est un Syrien il sous lui la lutte va reprendre

76.0 3827.0 1969.0 184.0 Dès 731 il réunit un Synode qui excommunie

66.0 3931.0 1999.0 185.0 les destructeurs des images (Ibid). Mais l'Empe¬

48.0 4056.0 1947.0 181.0 reur lui répond en detachant d l juridiction

64.0 4144.0 2018.0 181.0 d Rome tous les diocèses a l Est d l'Adriatique

63.0 4234.0 2005.0 210.0 (Illyrie), ainsi que la Sicile, le Bruttium et

87.0 4352.0 2018.0 186.0 la Calabre (Hartm. II2 111-112) qui sont placés sous

65.0 4452.0 1919.0 173.0 le patriarche de Constantinople. En outre les

65.0 4562.0 1997.0 180.0 immenses domaines d l'Eglise en Sicile, Calabre

65.0 4662.0 2026.0 181.0 et Brutium qui rapportaient annuellement 350

75.0 4753.0 1939.0 203.0 livres d'or, sont confisqués (112) Ainsi le pape

2005.0 1804.0 1824.0 183.0 qui profitera d l'occasion pour s imposer à ces

2174.0 105.0 588.0 182.0 (après 729)

2167.0 1899.0 1732.0 132.0 desobéissants. Les Lombards étant main¬

2150.0 1969.0 1734.0 139.0 tenant catholiques s italicisèrent et on peut

2138.0 2090.0 829.0 124.0 negocier avec eux.
