3960 5049
3400.0 67.0 503.0 256.0 152

89.0 37.0 1973.0 146.0 Au reste, il n'y a entre tous ces centres mds

75.0 128.0 2051.0 136.0 et le duc de Bénévent aucune entente. Vers

85.0 224.0 2061.0 136.0 830 Naples, pour résister à celui-ci s'appuye

72.0 311.0 2044.0 164.0 sur les Sarrasins (Gay, 23). Vers 870 elle s'al¬

76.0 406.0 1983.0 165.0 lie de nouveau à eux, cette fois contre A¬

73.0 524.0 1981.0 181.0 malfi (Gay, 98). En 880 il y a de nouveau un

72.0 611.0 2004.0 165.0 rapprochement, cette fois contre l'influence

81.0 718.0 1978.0 178.0 byzantine redevenue puissante depuis Ba¬

70.0 824.0 1992.0 223.0 sile Ier (Gay 127) A ce moment Gaete se rap¬

70.0 962.0 1961.0 172.0 proche aussi des Sarasins puis revient au

67.0 1052.0 2193.0 182.0 pape qui fait des concessions à son hypatos (128)

59.0 1166.0 2006.0 164.0 En 875 des navires de toutes les villes du Sud

78.0 1256.0 2018.0 199.0 avec des Sarasins pillent la côte romaine et

73.0 1380.0 2042.0 168.0 Louis II dit que Naples est devenue un au¬

1809.0 1427.0 290.0 83.0 Jean II

89.0 1470.0 1982.0 159.0 tre Metodia. En 877 < et après > le papé cher¬

75.0 1565.0 1990.0 183.0 che vainement par argent et excommuni¬

72.0 1649.0 2114.0 177.0 cation à détacher Analfi des Sarasins Cepend.

81.0 1764.0 1967.0 165.0 la même année la ville s'engage à protéger

90.0 1862.0 1987.0 159.0 la côte de l Italie su sud contre les Sarasins.

78.0 1990.0 958.0 140.0 Hartmann III 2 p. 35)

101.0 2078.0 1947.0 157.0 Tout cela est aussi confus que possible car en

84.0 2173.0 1995.0 166.0 856 les Sarasins attaquent Naples et détrui¬

74.0 2263.0 2016.0 193.0 sent Misènes (Hartm. III 249). Evidemment

74.0 2378.0 2019.0 168.0 leur but est de s'emparer de l'Italie méridio¬

66.0 2483.0 1968.0 198.0 nale qu ils attaquent à la fois par Bari et p.

89.0 2576.0 1914.0 179.0 l'Ouest comme ils S'emparent de la Sicile.

84.0 2701.0 1939.0 160.0 Or les villes veulent bien commerces avec eux

76.0 2796.0 1958.0 163.0 mais pas passer sous leur joug ni leur laisser

85.0 2907.0 1966.0 150.0 la maîtrise de leurs eaux. Leur politique à

71.0 3023.0 1977.0 182.0 cet égard est tout à fait celle des Vénitiens

79.0 3127.0 1969.0 154.0 de l'autre côté. Elles se défient de tout ce qui

90.0 3239.0 1958.0 158.0 n est pas elles mêmes et ne veulent obéir à

83.0 3340.0 2033.0 161.0 personne. Leur sujetion à l'égard de Byzance

93.0 3455.0 2003.0 138.0 est purement nominale. En 846, elles ne sou¬

85.0 3565.0 2084.0 156.0 tiennent pas les efforts infructueux de Lothaire

85.0 3666.0 1966.0 174.0 pit Boret. II 67). Plus tard, elles ne font

88.0 3793.0 1913.0 199.0 rien pour Louis II. Gay dit fort bien, p.129

88.0 3906.0 1946.0 172.0 "Par une force invincible les Etats mariti¬

78.0 4008.0 1962.0 188.0 me Gaete, Naples, Amalfi sont toujours ra¬

77.0 4118.0 2033.0 150.0 menés vers l'influence sarasine... L'essentiel

91.0 4215.0 1983.0 180.0 pour eux, c'est de garder le littoral et d'assu¬

103.0 4327.0 2066.0 167.0 rer les intérêts de leur commerce. En négociant

88.0 4451.0 1977.0 137.0 avec les Sarasins ils ont leur part de butin et

76.0 4532.0 2045.0 171.0 continuent de s'enrichir. La politique d Naples

83.0 4654.0 1934.0 151.0 et d'Amalfi est avant tout une politique

79.0 4750.0 1976.0 187.0 de marchands qui vivent de pillage autant

2169.0 718.0 996.0 157.0 Hartmann III 2 p. 22

2118.0 2855.0 1827.0 168.0 Cepend. en 843 Naples aide les Musulm. à s'em¬

2138.0 2995.0 790.0 138.0 parer de Messines.
