3960 5049
3508.0 92.0 371.0 239.0 116

211 14 2022 162 barorum Saliens, Ripuaires, Bavarois. C'est

195 144 1999 131 aussi pour avoir projeté sur la période antérieure

181 224 2052 168 aux Carolingiens, ce que n'est vrai que de ceux-ci

175 296 2039 201 mais admettre que dans les conditions où ils s'y sont

177 379 2003 186 établis et avec le petit nombres de gens qu ils a¬

196 490 1945 171 menèrent avec eux Wisigoths, Burgondes, Ostro¬

163 585 1989 166 goths, Vandales et Francs aient pu et voulu ger¬

180 693 2000 163 maniser l'Empire c'est proprement admet¬

156 776 1592 169 tre l'impossible. Stat mole sua.

184 876 2027 212 Et il faut ajouter l'Eglise en laquelle Rome s'est

172 984 2000 202 réfugiée et qui l'impose aux barbares en même

174 1093 1891 201 temps qu'elle s impose elle-même à eux.

168 1186 1998 215 Les rois germaniques ont été en Occident, dans

156 1298 1965 188 le monde romain se détraquant comme Etat,

154 1417 1950 150 les points de cristallisation politique, si l'on

155 1521 1938 152 peut dire. Mais autour d'eux, avec les pertes

144 1586 1986 221 inévitables, ce qui a continué c'est l équilibre

141 1717 1868 189 social ancien ou disons mieux antique.

161 1826 1949 190 En d'autres termes, l'unité méditerranéenne

157 1975 2004 147 qui constitue l'essentiel de ce monde anti¬

152 2091 1975 114 que se maintient dans toutes ses mani¬

152 2169 1972 156 festations. L'hellénisation croissante d l'O¬

154 2259 2052 198 rient ne l'empêche pas de continuer à influen¬

135 2368 2011 167 cer l'Occident, par son commerce, son art, les a¬

149 2473 1972 191 gitations de sa vie religieuse. Dans une cer¬

143 2572 1945 194 taine mesure, on l'a vu, l'Occident se by¬

149 2653 448 191 zantinise.

160 2768 2003 209 C'est cela qui explique le mouvement de re¬

141 2864 1963 208 conquête de Justinien qui refait presque de

144 2967 1930 195 la Méditerranée un lac romain. Et sans

133 3077 1980 205 doute, vu comme nous le voyons, il parait bien

137 3191 1981 172 qu'il ne pouvait durer. Mais il n'en était

138 3303 2028 172 pas de même pour les contemporains. l'inva¬

133 3402 2050 174 sion lombarde n'a certainement pas eu l'im¬

122 3516 2013 202 portance qu'on lui attribue. Ce qui frappe en

121 3598 976 187 elle, c'est sa lenteur.

242 3815 1888 144 On a d'ailleurs exagéré le rôle de la Gaule mé¬

128 3868 2016 178 rovingienne a justement en se laissant dominer par

114 3949 1954 214 l'idée de ce qu'elle sera pl tard mais <...> qu'elle

121 4056 1992 188 n'est pas encore. Qu'est Cloiis en comparaison de

116 4135 2025 183 Théodoric ? Et plus tard, observons que malgré tous

122 4231 2083 175 leurs efforts les rois francs ne parviennent pas à s'ins¬

117 4335 1990 167 taller en Italie, ni même à reprendre la Narbon¬

106 4429 2083 176 naise aux Wisigoths. Evidemment d'ailleurs, c'est

123 4519 2063 217 vers la Méditerranée qu'ils tendent Leur conquête

98 4625 2009 179 au delà du Rhin loin d'avoir pour effet de ger¬

116 4731 2064 196 maniser leur royaume a pour but de le défendre

96 4816 813 185 contre les barbares.
