4042 5032
3597.0 127.0 218.0 330.0 7

1960.0 268.0 138.0 105.0 2

1594.0 371.0 766.0 160.0 Les Invasions.

103.0 670.0 1958.0 165.0 C'est au cours du Ve s. on le sait que

47.0 791.0 2090.0 165.0 l'Empire Romain a perdu ses parties occi¬

55.0 902.0 2034.0 157.0 dentales au profit de barbares germaniques.

58.0 1003.0 2076.0 187.0 Ce n'est pas la première fois qu'il avait été

69.0 1122.0 1984.0 194.0 attaqué par eux. Le mal etait ancien et

61.0 1242.0 1989.0 185.0 c est pr y parer que la frontière militaire

58.0 1344.0 1997.0 171.0 Rhin-limes-Danube avait été établie.

69.0 1456.0 2098.0 193.0 Durant longtemps les légions avaient suffi

53.0 1593.0 2050.0 182.0 et avec une belle assurance, il n'y avait

55.0 1722.0 2073.0 184.0 eu de Troupes que sur les frontières - à part

55.0 1853.0 2154.0 193.0 les prétoriens de Rome. Puis étaient venus,

61.0 1950.0 2076.0 197.0 à la faveur des Troubles civiles, la ruée du IIIe s.

58.0 2078.0 2056.0 164.0 où l'on avait vu de toutes part craquer la

58.0 2183.0 2051.0 201.0 frontière. Thrace, Italie, Gaule et jusqu'à l'Es¬

64.0 2339.0 1628.0 170.0 pagne avaient vu les barbares.

61.0 2414.0 2042.0 205.0 On avait sous les Auréliens raccommodé

54.0 2581.0 2043.0 153.0 tout cela. Mais il avait fallu renoncer à

58.0 2700.0 2067.0 151.0 la belle confiance de jadis, adopter un atti¬

50.0 2826.0 2109.0 155.0 tude défensive, fortifier Rome, fortifier les villes,

47.0 2932.0 2022.0 159.0 réformer l'armée en affaiblissant les unités

61.0 3038.0 2050.0 170.0 pour les rendre plus mobiles et la constituer

61.0 3184.0 2017.0 142.0 finalement en une vraie armée de merce¬

55.0 3340.0 784.0 81.0 naires barbares.

64.0 3416.0 1804.0 167.0 Voir plus haut p. 3 pour ces barbares.

75.0 3543.0 1972.0 189.0 Grâce à cela, l'Empire s'est encore défendu

58.0 3693.0 1060.0 142.0 pendant deux siècles.

89.0 3793.0 1638.0 194.0 Pourquoi finalement a-t-il cédé ?

50.0 3903.0 2095.0 193.0 Il avait pour lui ses forteresses contre qui les

50.0 4017.0 1998.0 172.0 barbares étaient impuissants, ses routes

50.0 4122.0 1994.0 198.0 Stratégiques, <......> la tradition d'un art

54.0 4226.0 2011.0 199.0 militaire plusieurs fois séculaire, une diplo¬

58.0 4355.0 2019.0 165.0 matie consommé qui savait diviser et a¬

55.0 4467.0 2059.0 174.0 cheter les ennemis (et c'est un des Côtés essentiels

53.0 4598.0 2033.0 185.0 de la résistance) et l'incapacité et ses ennemis

54.0 4698.0 1966.0 178.0 à s'entendre. Et je sais bien que la différence

2102.0 2486.0 1877.0 222.0 L'Empire adopte une politique de sécurité:

2145.0 2991.0 853.0 134.0 Albertini, p.332.

2182.0 3883.0 1729.0 150.0 Il avait surtout pour lui la mer dont on

2111.0 4000.0 1784.0 161.0 verra la parti qu'il sut tirer jusqu'à l'é¬

2102.0 4117.0 1749.0 136.0 tablissement des Vandales à Carthage.

2115.0 4218.0 1796.0 147.0 C'est la perte de l'Afrique qui a entrainé le

2102.0 4351.0 235.0 119.0 reste
