3960 5049
3476 115 351 235 120

143 33 1978 154 La péninsule du Sinaï passant par La Mecque

126 140 1282 159 et Yatrib (la future Médine).

126 258 2029 140 Occupés à leur conflit séculaire ni l Empire ro¬

114 350 2114 162 main ni l'Empire Perse ne semblent s'être dou¬

112 440 2018 189 té de la propagande par laquelle Mahomet, au

111 530 2073 169 milieu d'une lutte confuse de tribus, allait don¬

115 605 2040 205 ner à son peuple une religion qu'il allait bientôt

107 740 2031 160 projeter sur le monde en même temps que sa

107 833 1981 166 domination. L'Empire était déjà pris à la gorge,

115 936 1970 146 que Jean Damascène ne voyait encore dans l'Is¬

120 1023 1973 175 lam qu'une sorte de schisme de nature analogue

127 1138 1579 145 aux hérésies précédentes (Vassil.I, 274).

156 1239 1976 151 Quand Mahomet mourut en 632 rien encore

113 1322 2019 173 n'avait révélé le péril qui devait se manifester

106 1436 2063 168 foudroyant deux ans plus tard (634) Aucune me¬

120 1528 2046 154 sure prise à la frontière. Evidemment, alors que

110 1622 2084 173 le peril germanique avait attiré sans cesse l'at¬

134 1722 1979 183 tention des empereurs, ici on fut surpris. Dans

110 1823 1997 158 un certain sens, l'expansion de l Islam fut un

97 1913 1996 145 hasard si l'on entend par là le croisement im¬

112 2016 2037 160 previsible de plusieurs causes. Par une rencon¬

116 2114 2008 162 tre qui explique le succès de l'attaque, en effet,

124 2228 1935 161 les deux Empires riverains, le Romain et le

102 2305 2106 187 Perse étaient épuisés par la longue lutte qu'a¬

122 2447 1971 135 vait couronnée la victoire d'Heraclius sur

113 2541 557 172 Chosroès (627)

104 2647 1947 163 Byzance a reconquis son éclat et son avenir

100 2754 1957 145 semble assuré par la chute d l ennemi secu¬

93 2827 1983 183 laire qui lui restituait la Syrie, la Palestine,

99 2924 1941 177 l'Egypte et la Ste. Croix jadis enlevée et que le

91 3035 2030 155 vainqueur ramenait triomphalement à Cons¬

102 3127 1974 173 tantinople. Le souverain de l'Inde envoyait à

97 3238 2134 174 Heraclius ses felicitations et le roi des Francs Dago¬

123 3351 2610 150 bert concluait avec lui une paix perpétuelle (Vassil. I 263)

85 3462 2139 148 On pouvait s attendre, on devait s'attendre après

88 3571 2033 202 cela à voir Heraclius reprendre en Occident la

87 3673 2037 214 politique de Justinien. Quid des Lombards ?

83 3782 2030 200 Les Wisigoths en 624 avaient bien repris a By¬

85 3878 2104 178 zance ses derniers postes en Espagne, mais qu'é¬

78 3999 2010 169 tait cela comparé au formidable redresse¬

104 4129 1998 175 ment qui venait de s'accomplir en Orient ?

120 4251 1942 188 Mais l'effort trop grand sans doute a épuisé

89 4347 2046 186 l'Empire. Ces provinces que la Perse vient de lui ren¬

104 4453 1939 161 dre, l'Islam va les lui enlever. Heraclius devait

93 4535 2003 175 assister impuissant au premier déchainement de

88 4653 2019 158 cette force nouvelle qui désorienta le monde et le

70 4749 278 156 dévoya

2250 4445 1086 189 Heraclius + 641 (610-641).
