4090 5056
3714.0 25.0 207.0 198.0 82

177.0 63.0 1851.0 156.0 nec per trexitus" (Waitz II 2, 300 n.1). Voy

160.0 147.0 1973.0 143.0 d'autres mentions de portus (Ibid. 303 n.3).

160.0 248.0 1927.0 164.0 p. 357 n.5). On voit (Waitz II2 p. 303 n. 3 qu'il

156.0 341.0 1926.0 198.0 s y exerçait des negotiantum commercia

177.0 446.0 2024.0 194.0 et que le roi y avait des telonearii. C'est bien

177.0 522.0 1990.0 202.0 différent des sales petits marchés carolingiens.

362.0 648.0 1809.0 186.0 Le commerce n'était pas trop exploité.

181.0 745.0 2032.0 198.0 Il etait soumis comme à l epoque romaine

172.0 855.0 2041.0 168.0 ou tonlieu qui est resté fixé aux mêmes en¬

168.0 952.0 2041.0 185.0 droits. Il y a toutes sortes de taxes sous ce nom.

172.0 1057.0 2033.0 177.0 portaticum, rotaticum, pulveraticum, etc.

181.0 1150.0 2020.0 198.0 Il semble que le tonlieu soit exclusivement

177.0 1285.0 1994.0 172.0 livré en argent. Le roi peut le relaxer pour des

168.0 1360.0 2113.0 211.0 abbayes mais sauf à la période de décadence

172.0 1470.0 2007.0 206.0 il n'en fait pas cession. Les telonearii qui le

168.0 1592.0 2083.0 194.0 levaient étaient de gens importants puisqu ils

181.0 1689.0 2079.0 202.0 avaient droit au prédicat de vir induster.

185.0 1803.0 2045.0 198.0 Sans doute le prenaient-ils à ferme et c'est

177.0 1908.0 2019.0 194.0 sans doute pour cela que des Juifs, malgré

172.0 2013.0 1978.0 199.0 la reprobation des conciles, en recevaient la

172.0 2106.0 2041.0 219.0 perception. Nous en avons un exemple dans

185.0 2212.0 2011.0 185.0 le negociator Salomon, sûrement un Juif

177.0 2317.0 2057.0 202.0 qui était le Hoflieferant de Dagobert et au¬

185.0 2410.0 1999.0 210.0 quel celui-ci avait cédé une porte de Paris

193.0 2494.0 1965.0 215.0 cum omnibus teloneis quemadmodum ad

185.0 2612.0 1952.0 185.0 suam cameram deservire videbatur"

210.0 2688.0 1978.0 223.0 (G. Dagob, c.12 cité p. Waitz II2 p.326 n.).

252.0 2818.0 1957.0 198.0 Dans les grands ports il y avait des entre¬

185.0 2978.0 1223.0 165.0 pôts Voy. cellarium fisci.

193.0 3054.0 2024.0 198.0 La législation de Theodoric parle des fonction¬

193.0 3206.0 1211.0 139.0 naires attachés aux ports.

240.0 3227.0 1948.0 257.0 Quant à la poste elle subsiste dans tout

215.0 3412.0 1399.0 148.0 le bassin de la mer Tyrrhénien.

227.0 3467.0 1982.0 215.0 L circulation se fait par les routes romai¬

206.0 3572.0 1969.0 232.0 nes. Il y a des ponts de bateaux remplaçant

219.0 3703.0 1914.0 194.0 peut-être d'anciens ponts romains en

215.0 3829.0 286.0 182.0 ruines.

231.0 3897.0 1953.0 206.0 L'autorité doit veiller à ce que le rives des

223.0 4011.0 1923.0 193.0 cours d'eau soient laissées libres sur un es¬

215.0 4086.0 1943.0 215.0 pace d'au moins une pertica legalis sur

236.0 4255.0 611.0 139.0 chaque bord.

227.0 4322.0 1919.0 211.0 Le tonlieu qui passera a tout le Moyen Age

215.0 4428.0 1943.0 215.0 posterieur (V fol. Toll) n'a qu'un caractère

231.0 4567.0 1801.0 168.0 financier, Aucune nature économique.

236.0 4638.0 1973.0 211.0 Il y a déjà des abus, dûs sous doute à des comtes

206.0 4761.0 1986.0 189.0 qu'ont intérêt à multiplier les tonlieux et

2150.0 96.0 1792.0 262.0 Les mdises circulent par evectio carralis

2125.0 290.0 1619.0 186.0 aut navalis (Waitz II 2 p.301 n.1).

2310.0 1103.0 1725.0 274.0 Waitz II2 p. 301 le dit pr des mauvaises raisons

2614.0 1276.0 674.0 190.0 levé en nature.
