3978 5085
3469.0 44.0 396.0 259.0 164

66.0 9.0 1223.0 124.0 la même civilisation.

80.0 98.0 1958.0 145.0 Et on peut attester des preuves. D'après la Vita

68.0 206.0 1996.0 125.0 d s. Didier éd. Poupardin (+655) la ville floris¬

45.0 288.0 1973.0 144.0 sante sous lui est tombée après lui dans le

63.0 381.0 1961.0 163.0 marasme (p.56). De même Lyon qui avait

63.0 456.0 1956.0 179.0 encore un grand marchand en 601 tombe ds.

65.0 553.0 2112.0 144.0 une décadence épouvantable qui a atteint

40.0 648.0 2026.0 173.0 son maximum quand vers 800 Leidrade

27.0 761.0 2040.0 158.0 écrit son rapport à Charlemagne (Coville,

51.0 885.0 345.0 150.0 p.283).

63.0 966.0 2006.0 203.0 Cette anarchie de la Gaule conduit au mor¬

72.0 1113.0 1571.0 149.0 cellement. L'Aquitaine à partir de

1874.0 1091.0 328.0 103.0 devient

55.0 1217.0 1662.0 158.0 un duché à part qui vit sa vie propre.

121.0 1343.0 1893.0 176.0 Et pensez que cette Eglise du Sud a été jusque

66.0 1457.0 2147.0 142.0 là à tous les points de vue prépondérante com¬

65.0 1563.0 1012.0 131.0 me on l'a vu plus thaut

72.0 1746.0 2053.0 152.0 En revanche, l'Austrasie qui n'a pas reçu le

59.0 1847.0 2063.0 157.0 contre coup de tout ceci prend une prepondé¬

34.0 1966.0 2027.0 146.0 rance de plus en plus marquée. A la tête

57.0 2050.0 2132.0 164.0 de son aristocratie apparait la famille de Pepin

47.0 2178.0 2043.0 172.0 qui déjà a joué un rôle considérable dans les

48.0 2265.0 2061.0 183.0 évènements qui ont amené la chute de Bru¬

32.0 2380.0 2211.0 155.0 nehaut. C'est une famille de grands propriétaires

50.0 2491.0 2074.0 171.0 de Belgique. Vers 640 déja Itta épouse de Pepin I

57.0 2580.0 2299.0 186.0 (d Landen) fonde le monastère <.. ......> Nivelle,

51.0 2690.0 2060.0 162.0 et ses libéralités permettent à l'apôtre irlan¬

53.0 2796.0 2037.0 159.0 dais S. Foillan de fonder à Fosses le monas¬

53.0 2898.0 2046.0 151.0 terium Scottorum. Puis parmi les biens de

49.0 2993.0 2089.0 168.0 la famille Lierneux donné par Pepin II (680-

57.0 3105.0 2081.0 174.0 714) au monastère de Stavelot ; Wesmalle

67.0 3226.0 1971.0 191.0 Budel, Vilvorde, Reng, Rigneux, Waudrez,

50.0 3334.0 2072.0 205.0 Happart, José, Frasnes lez couvin, Floreffe,

65.0 3463.0 2025.0 178.0 Brogne. En 691 Begge, épouse d'Ansegise

59.0 3570.0 2017.0 173.0 et mère de Pepin II fonde à Andenne un mo¬

45.0 3667.0 2066.0 164.0 nastère où elle se retire et finit ses jours en

47.0 3766.0 2089.0 174.0 693. Son mari Pepin II donne à S. Ursmar,

44.0 3895.0 2093.0 169.0 abbé de Lobbes entre 697 et 713 les villae de

58.0 3967.0 2032.0 226.0 Leernes et de Trazegines. Ils ont un puissant

61.0 4084.0 2008.0 193.0 château fort à Chèvremont qui fait partie de

49.0 4180.0 2104.0 198.0 leur domaine de Jupille. Non loin, à Herstal, aussi

49.0 4297.0 2043.0 165.0 sur la Meuse se trouve une résidence qui sera

42.0 4378.0 2072.0 198.0 un de leurs séjours favoris et est mentionnée fré¬

40.0 4501.0 2017.0 168.0 ¬quemmt comme palatium à partir de 752.

61.0 4600.0 2060.0 190.0 C'est dans cette région mosane qu'ils se trouvent

49.0 4707.0 2106.0 195.0 vraiment chez eux, aux bords de la forêt d'Ardenne

2362.0 2340.0 808.0 164.0 Rousseau, 221 sqq
