3960 5049
3462 56 359 179 126

42 17 1961 183 C'en était fait dès lors de la résistance des

42 133 1998 147 Berbères sous la Kahina. Elle fut pourchas¬

23 217 2006 176 sée dans l'Aurès, tuée et sa tête envoyée

42 356 496 118 au Khalife.

37 392 2008 163 Les années suivantes voient s'imprimer l'em¬

30 489 1995 173 preinte arabe. Mousa Ibn Noçayr soumet

26 575 2008 181 le Maroc et impose l'Islam à ses tribus ber¬

20 722 243 111 bères.

39 762 1990 186 C est avec ces nouveaux convertis que l'Espagne

34 928 1015 151 allait être conquise.

33 978 1925 210 Elle avait déjà été harcelée en même temps

33 1085 1993 161 que les îles. C etait la continuation de l'occupa¬

34 1172 1992 188 tion africaine. En 703 une flotte venue d'E¬

28 1281 1897 198 gypte a attaqué la Sardaigne (Hartmann

30 1380 1928 198 III.165) Mais déjà Avant ça la Sicile qui a

41 1478 2021 183 été assaillie une première fois en 651 par une

28 1584 1950 181 flotte venue de Syrie (Hartm. III.165) est de

30 1680 1980 190 nouveau attaquée en 668 par une flotte en¬

35 1775 1968 176 voyée d'Asie par le Khalife et Syracuse est pil¬

22 1884 2000 180 lé (Ibid. 166) De nouveau en 704 et cette fois,

35 1983 2019 172 c est caracteristique par une flotte venue de

25 2077 1959 173 Tunis elle est l objet d'un débarquement où

18 2148 2070 196 Lilybée est pillé (Ibid. 169 170) Et l'année suivante

38 2272 2036 164 705 nouvelle attaque partie aussi de Tunis

37 2392 1515 152 et nouveau pillage de Syracuse.

43 2462 2042 194 En 675, les Arabes avaient attaqué l'Espagne

35 2580 2013 157 par mer et avaient été repoussés par la flotte

9 2686 1060 173 wisigothique (Glotz 240).

44 2768 1959 212 Le détroit d Gibraltar ne pouvait arrêter le

14 2900 536 149 conquérant.

35 2984 1982 191 Et les Wisigoths s'en doutaient. En 694 le roi

34 3107 1989 166 Egica accusait les Juifs devant le concile de

29 3208 2185 193 Tolède de Conspirer av les Musulmans (Halphen, 142)

22 3323 1991 175 et l'on comprend assez que la persécution dont ils

16 3427 1987 158 etaient l objet les ait fait loucher par là. Au

25 3517 1959 188 printemps de 710 une révolution éclatait à

12 3611 2008 175 Tolede. Le duc de Bétique, Rodrigue était

20 3729 1947 164 proclamé roi tandis que le roi dépossédé,

49 3828 1968 184 Achila s enfuyait au Maroc et peut être appe¬

18 3914 1351 180 lait les Musulmans à l'aide

32 4015 1971 202 En tous cas, ils mirent les événemts à profit.

28 4130 1989 171 En 711 une armée que l'on évalue à 7000 Ber¬

11 4241 1995 159 bères sous le commandement de Tarik passe

33 4349 1968 154 le détroit. Rodrigue vaincu au premier choc

42 4445 1967 165 toutes les villes s'ouvrent. En 712 arrive une

32 4559 1980 171 armée de renfort. En 713 Rodrigue vaincu et

40 4666 1977 144 s. d tué dans la défaite. Mouça, le gouverneur

28 4752 1973 174 de l'Afrique du Nord proclame dans la Capitale

13 4858 2002 148 de Tolède la souveraineté du Khalife de Damas.

2036 419 578 164 (Julien 327)

2110 1924 1170 157 C est une flotte de 100 bateaux
