3978 5058
3512 105 436 274 175

30 47 2054 179 sur le trône que leur père a laissé vacant,

55 157 2020 147 le dernier mérovingien Childéric III (743-

50 279 2115 120 751) dont les rapports de parenté avec les rois pré¬

50 381 924 106 cedents sont obscurs.

96 450 1989 180 En 747 Carloman renonce au gouvernemt

15 566 2114 152 et se fait moine au mont Cassin. Voilà Pe¬

28 674 2114 151 pin seul au gouvernement avec son roi fan¬

44 771 2075 139 tôme. Il a encore quelques difficultes avec Gri¬

50 875 2065 136 fo qu'il a remis en liberté et qui soulève les

32 960 2151 150 Saxon et les Bavarois. Mais tout cela est assez

31 1073 666 146 vite termine.

42 1152 2132 186 Enfin l'année 749-750 est paisible. Pepin peut

54 1293 2106 125 considérer son pouvoir comme affermi. Il est

44 1397 2027 145 né en 714 et a donc 36 ans, la pleine force, Va-

0 1478 2113 146 t-il continuer à porter ce titre subordonné de

45 1589 2022 136 maire du Palais ? Comment le pourrait-il ?

47 1666 2095 171 Il a maintenant ses vassaux partout. Tout,

43 1790 2154 155 sauf l'Aquitaine lui est relié par des serments

0 1903 2472 124 et la situation de ses fidèles dépend de sa puis¬

39 1983 2051 139 sance. Il est donc assuré de son pouvoir que

16 2056 1772 148 légitimise de plus son hérédité de fait.

59 2174 2050 158 Mais l'Eglise que son père a si fort malmenée

38 2283 2343 123 et dont les dépouilles sont aux mains de ses

46 2373 2015 150 fidèles, il se l'est conciliée. En 742, Carloman

28 2481 2028 145 instigué par Boniface a convoqué un synode

35 2576 2085 148 en Austrasie, le premier depuis des dizaines d'années

36 2675 2060 146 pour remettre de l'ordre dans cette église horri¬

25 2764 2047 161 blement dégradée dans son personnel (Richter,

63 2875 560 137 p. 203-204).

35 2964 2038 183 En 743 un second synode s'est réuni aux Estinnes

51 3102 709 186 dans le Hainaut

56 3208 1994 199 En 744 synode à Soissons et 3e synode austra¬

39 3336 220 152 sien.

35 3430 2071 214 En 745, après ces efforts de réforme surtout par¬

44 3561 2082 209 tis du Nord comme on le voit, grâce à Boniface,

44 3656 2036 192 tandis que jusqu'au commencement du VIIIe

39 3770 2069 198 s. tout le mouvement ecclésiastique venait

42 3863 2079 244 du Midi, a lieu la première assemblée générale

29 3998 2073 205 de l Eglise franque sous la présidence de Boni¬

35 4112 2106 207 face. Et cette fois, on y voit intervenir l influence

38 4221 2029 206 du pape, car c'est lui qui ordonne l'assemblée.

41 4304 2063 227 Pepin et Carloman, par Boniface, sont donc con¬

41 4431 1976 233 duits vers lui. Et toute l'Eglise qui s'organise

27 4560 2027 201 en Allemagne par Boniface, les considère comme

22 4651 1980 213 des protecteurs. Comment ne pas faire ratifier

46 4783 2093 204 et sanctionner par le chef de cette Eglise le pouvoir

2275 3831 429 116 Essentiel
