4090 5080
3512.0 92.0 428.0 326.0 107

159.0 57.0 1932.0 154.0 Même orientalisme dans la décoration

155.0 170.0 1981.0 146.0 des manuscrits. Le sacramentaire de Gellone

155.0 265.0 1916.0 175.0 œuvre wisigothique est décoré de perroquets

147.0 361.0 1995.0 193.0 au plumage éclatant, paons, gypaètes, lions, ser¬

149.0 462.0 2001.0 170.0 pents qui l'indiquent suffisamment (Brehier,

169.0 558.0 1899.0 171.0 67). On peut aussi y démêler des influences

153.0 685.0 834.0 133.0 arméniennes (68).

159.0 787.0 1983.0 147.0 Les manuscrits repandrus au VII s. par les Irlan¬

153.0 882.0 1921.0 156.0 dais ont un caractère plus national et bar¬

145.0 986.0 2000.0 189.0 bare. Il s'y mélange des motifs indigènes d'ori¬

152.0 1091.0 1919.0 177.0 gine prehistorique à des éléments orientaux,

154.0 1185.0 1923.0 185.0 (Brehier p. 69) mais ces derniers connus s.d. sur¬

168.0 1305.0 1113.0 131.0 tout par l'art barbare.

158.0 1387.0 2015.0 207.0 La mosaïque est de même esprit. Les thêmes

143.0 1515.0 2024.0 184.0 mythologiques et chrétiens usités à l'époque

161.0 1625.0 1936.0 148.0 gallo-romaine disparaissent pour faire

152.0 1707.0 1945.0 171.0 place à des rinceaux et au bestiaire dont

162.0 1806.0 1960.0 198.0 les mosaïques Syriennes et africaines du Ve s.

163.0 1916.0 1970.0 209.0 offrent des exemples (Brehier, 107). A Saint-

163.0 2023.0 2055.0 201.0 Chrysogone du Transtévère à Rome, un pavage

156.0 2146.0 1992.0 177.0 en mosaiques datant d la reconstruction de

166.0 2232.0 1967.0 200.0 Gregoire III en 731 montre des aigles et des dra¬

152.0 2339.0 1987.0 172.0 gons alternés dans des médaillons, au milieu

168.0 2455.0 1943.0 164.0 d'entrelacs et de rosaces (Brehier 107). De

156.0 2571.0 2102.0 189.0 même les fragments des mosaïques de l'Eglise

140.0 2658.0 2081.0 183.0 S. Genès de Thiers construite en 575 par S. Avit

146.0 2789.0 2069.0 195.0 évêque des Clermont. On y reconnait l'imita¬

149.0 2897.0 2010.0 176.0 tion d'une étoffe persane (Ibidd. 109) "Rien ne

157.0 3005.0 2009.0 193.0 montre mieux que ce petit monument qui

156.0 3115.0 1972.0 176.0 mesure à peine un mètre de longueur,

140.0 3197.0 2064.0 206.0 la vogue des étoffes orientales dans la Gaule

144.0 3329.0 1194.0 200.0 merovingienne" (p.109)

153.0 3434.0 1992.0 187.0 Et il a dû en être probablement de même de

146.0 3570.0 1985.0 192.0 la peinture décorative. Gregoire de Tours nous

148.0 3666.0 2000.0 189.0 raconte que Gondovald se fait passer pour un

151.0 3750.0 2011.0 163.0 pictor décorant les parietes et les cameras (VII.

154.0 3851.0 1979.0 176.0 36 p. 316) Et l'on peut rapprocher de cela son

143.0 3943.0 2103.0 199.0 long séjour à Constantinople. On voit en même

141.0 4052.0 2032.0 211.0 temps par ce texte qui l'on polychromait les ha¬

153.0 4157.0 2014.0 197.0 bitations privées et s. d. aussi dans le goût ds étof¬

155.0 4254.0 578.0 183.0 fes orientales.

151.0 4367.0 1943.0 210.0 On polychromait aussi les églises et ici s. d. la

164.0 4483.0 1983.0 204.0 figure humaine devait jouer un plus grand rôle.

147.0 4592.0 2009.0 223.0 Sans doute dans le genre des mosaïques de S. Vi¬

142.0 4681.0 1969.0 267.0 tal de Ravenne. Grégoire le Grand Ep. IX 105

143.0 4796.0 2069.0 250.0 blâme l'évêque Serenus de Marseille de détruire

2241.0 1428.0 872.0 158.0 S. Vital de Ravenne.
