4090 5056
3588.0 54.0 422.0 346.0 56

101.0 57.0 1966.0 182.0 époque produit encore des revenus im¬

87.0 188.0 2015.0 159.0 portants en argent. En 593 Dynamius envoya

87.0 272.0 1980.0 221.0 de Provence à Grégoire le grand 400 solidi ;

89.0 379.0 2043.0 217.0 deux ans après Grégoire attend des véte¬

109.0 491.0 1980.0 186.0 ments et des esclaves anglo saxons qui y se

106.0 606.0 2012.0 163.0 ront achetés avec les produits de ses domai¬

101.0 710.0 2061.0 166.0 nes. De même en 556, le pape Pelage en avait

109.0 824.0 1989.0 160.0 attendu des secours pour alléger la misère

115.0 940.0 1800.0 180.0 de Rome (Buchner, p. 31 F. Jaffé N° 947)

109.0 1036.0 2042.0 202.0 Il y a d'ailleurs un commerce du blé : mal¬

106.0 1190.0 2023.0 164.0 gré ses immenses ressources, Grégoire le

117.0 1296.0 1951.0 170.0 grand en achète (Hartmann II p.159 n.16).

196.0 1428.0 1962.0 181.0 En 537-38 en Istrie on vend au peregrinus

115.0 1550.0 1994.0 188.0 emptor qui ne peut être qu'un acheteur de

126.0 1662.0 1545.0 187.0 blé. Voy. XII 378 auct. Antiq.-

202.0 1772.0 1904.0 177.0 L'Afrique a dû conserver sa prospérité sous

117.0 1867.0 1984.0 180.0 les Vandales puisqu'on la voit tout de suite de

108.0 1969.0 1984.0 185.0 retour sous les Byzantins. Ce sont l'huile et

95.0 2116.0 531.0 125.0 les céréales.

188.0 2196.0 1871.0 171.0 La conservation partout (?) de la livre

123.0 2320.0 1975.0 149.0 romaine est une preuve indirecte de la

115.0 2438.0 522.0 120.0 stabilité.

207.0 2519.0 1885.0 191.0 Quant aux classes sociales elles sont les

126.0 2629.0 1952.0 154.0 mêmes. Au dessus les libres qui sont une

115.0 2733.0 1980.0 160.0 aristocratie de grands propriétaires ou des in¬

120.0 2853.0 1483.0 152.0 genui evidemment propriétaires

129.0 2966.0 1949.0 160.0 Puis en dessous les colons, lites, affranchis

120.0 3115.0 172.0 95.0 etc.

146.0 3182.0 1963.0 152.0 Les esclaves sont encore nombreux comme

132.0 3289.0 1969.0 165.0 on le verra plus loin. Ce sont surtout des bar¬

123.0 3415.0 1997.0 149.0 bares étrangers Anglo saxons ou autres, pri¬

132.0 3553.0 1030.0 115.0 sonniers de guerre etc.

137.0 3612.0 2049.0 185.0 Il y a de plus une population civile dont on par¬

126.0 3774.0 756.0 130.0 lera plus tard.

137.0 3864.0 1978.0 188.0 Il ne parait pas que le pays ait repris un as¬

126.0 3983.0 2031.0 157.0 pect plus sauvage. Il semble que la culture

151.0 4103.0 1927.0 144.0 des vignes se soit conservée là où elle exis¬

132.0 4218.0 1061.0 158.0 tait chez les Romains.

134.0 4334.0 2037.0 178.0 A lire Grégoire on n'a pas du tout l'impres¬

135.0 4451.0 2008.0 141.0 sion d'une campagne en décadence. On

132.0 4560.0 2008.0 133.0 ne comprendrait pas sans cela la richesse

126.0 4648.0 761.0 162.0 des propriétaires.

140.0 4738.0 2045.0 183.0 Il est d'ailleurs probable que la grande pro¬

2261.0 1393.0 1764.0 272.0 Libres Il ne fout pas se laisser aller à la

2261.0 1483.0 1772.0 296.0 prétendue surestimation des libres. Leur grde

2259.0 1572.0 1690.0 301.0 affaire est le service militaire. Or chez les

2238.0 1684.0 1731.0 297.0 Visigoths loi d'Ervige exige que chacun

2210.0 1797.0 1731.0 261.0 amène à l'armée le 10e de ses esclaves.

2269.0 1932.0 1613.0 258.0 Verlinden Annuario XI.354-55.

2373.0 2640.0 540.0 149.0 senatores

2949.0 2558.0 896.0 141.0 Pour la survivance

2949.0 2640.0 952.0 203.0 ds grandes familles ro¬

2685.0 2747.0 1202.0 188.0 maines Voy. les Syagrii ds

2618.0 2887.0 848.0 181.0 Coville, Lyon, p.5-

2725.0 3011.0 904.0 185.0 Surtout chez les Visig.

2373.0 3258.0 1643.0 253.0 D'après Verlinden, les colons ne jouent

2247.0 3384.0 1730.0 224.0 guere de rôle. Mais beaucoup d'esclaves

2172.0 3466.0 1844.0 233.0 doivent avoir été ds une situation analo¬

2258.0 3595.0 1419.0 205.0 gue. Anuario, XI.346-347.
