3960 5049
3241.0 77.0 719.0 260.0 144

131.0 45.0 1985.0 133.0 Dans ces conditions, ce qui reste pour sou¬

97.0 129.0 1960.0 160.0 tenir le commerce, ce sont les Juifs. Ils sont

115.0 233.0 2029.0 181.0 restés nombreux partout. Les Arabes ne les

104.0 357.0 1975.0 136.0 ont pas chassés ni massacrés et les chrétiens

89.0 448.0 2015.0 168.0 n'ont pas changé d'attitude à leur égard. Ils

92.0 538.0 2071.0 160.0 constituent donc la seule classe dont la subs¬

105.0 664.0 1997.0 155.0 sistance soit due au négoce. Et ils sont en

101.0 784.0 1989.0 154.0 même temps, par le contact qu'ils conser¬

98.0 877.0 2015.0 166.0 vent les uns avec les autres, le seul lien é¬

103.0 992.0 2077.0 189.0 conomique qui < existe > subsiste entre Islam

95.0 1103.0 2018.0 150.0 et chrétienté ou si l'on veut entre Orient et

101.0 1222.0 2026.0 160.0 Occident. De là leur importance considé¬

97.0 1345.0 2047.0 201.0 rable sur laquelle il y aura lieu de revenir.
