4090 5142
3337.0 114.0 398.0 191.0 114

1594.0 324.0 872.0 164.0 Conclusion.

257.0 602.0 1780.0 205.0 De quelque côté qu'on l envisage, la

151.0 728.0 1938.0 172.0 période inaugurée par l'établissement des

157.0 831.0 1932.0 153.0 barbares dans l'Empire n'a donc rien in¬

135.0 928.0 1962.0 163.0 troduit dans l'histoire d'absolument nou¬

134.0 1022.0 1978.0 203.0 veau. Ce que les Germains ont détruit c'est le

125.0 1136.0 1984.0 164.0 gouvernement impérial in partibus occi¬

138.0 1254.0 1945.0 140.0 dentis : ce n'est pas l'Empire. Eux mêmes en

134.0 1331.0 1992.0 160.0 s'y installant comme foederati le reconais¬

124.0 1428.0 2076.0 185.0 sent. Loin de vouloir y substituer quelque chose

136.0 1536.0 2007.0 190.0 de nouveau, ils s'y logent et si leur aménagement

145.0 1648.0 1947.0 191.0 entraîne de graves dégradations, il n'amène

142.0 1751.0 1967.0 160.0 pas un plan nouveau. On pourrait presque

133.0 1828.0 1990.0 197.0 dire que le vieux palazzo est maintenant di¬

133.0 1933.0 1970.0 208.0 visé en appartements, mais comme construc¬

131.0 2073.0 674.0 137.0 tion, il subsiste.

147.0 2091.0 2008.0 225.0 A prendre les choses comme elles sont, la grande

145.0 2213.0 1995.0 203.0 nouveauté de l'époque est donc un fait poli¬

135.0 2316.0 2000.0 189.0 tique : une pluralité d'Etats se substituant en

140.0 2405.0 2006.0 201.0 Occident à l'unité de l'Etat romain. Et cela

141.0 2522.0 2011.0 182.0 sans doute est considérable. L aspect d l'Eu¬

143.0 2633.0 1957.0 191.0 rope change, mais sa vie ne change pas en son

145.0 2705.0 2038.0 226.0 fond. Ces Etats que l'on appelle nationaux ne sont

141.0 2819.0 2025.0 217.0 en somme pas des nations du tout, mais seule¬

141.0 2911.0 2002.0 233.0 ment des fragments du grand ensemble auquel

140.0 3030.0 1949.0 198.0 ils se sont substitués. Il n'y a transformation

127.0 3182.0 1144.0 171.0 profonde qu'en Bretagne.

159.0 3248.0 1921.0 196.0 Là l Empire et la civilisation de l'Empire ont

139.0 3345.0 1950.0 216.0 disparu. Rien ne subsiste de la tradition. Un

146.0 3456.0 2014.0 169.0 nouveau monde se manifeste. Le droit, la lan¬

145.0 3573.0 1955.0 163.0 gue, les institutions font place à celles des Ger¬

139.0 3680.0 1958.0 173.0 mains. Une civilisation de type nouveau ap¬

134.0 3771.0 2003.0 208.0 parait qu'on peut appeler la civilisation nordi¬

154.0 3890.0 1992.0 215.0 que ou germanique. Elle s'appose à la civili¬

146.0 3999.0 2089.0 183.0 sation méditerranéenne synchrétisée dans le Bas

140.0 4101.0 2009.0 175.0 Empire, cette dernière forme de l antiquité.

156.0 4182.0 1984.0 204.0 Ici rien de l'Etat romain avec son idéal légis¬

149.0 4320.0 1980.0 162.0 latif, sa population civile, sa religion chrétienne.

149.0 4413.0 1963.0 185.0 Une société qui a conservé entre ses membres

132.0 4511.0 1963.0 187.0 les liens du sang, la communauté familiale

147.0 4606.0 1925.0 189.0 avec toutes les conséquences qu'elle entraîne

157.0 4716.0 1955.0 193.0 dans le droit, dans la morale, dans l'écono¬

155.0 4803.0 1945.0 219.0 mie. Un paganisme allié à des chants héroïques

158.0 4920.0 1951.0 192.0 Voilà <... ... .. ....> ce qui constitue l'ori¬

2283.0 948.0 646.0 154.0 Se conservent :

2297.0 1094.0 555.0 131.0 la langue

2955.0 1011.0 832.0 168.0 l'écriture (papyrus).

2295.0 1171.0 563.0 125.0 la monnaie

2303.0 1219.0 852.0 162.0 les poids et mesures

2306.0 1310.0 677.0 145.0 l'alimentation

2304.0 1374.0 788.0 153.0 les classes sociales

2292.0 1399.0 1783.0 226.0 la religion — exagérat. de l'Arianisme

2331.0 1581.0 258.0 112.0 l'art

2317.0 1647.0 368.0 128.0 le droit

2317.0 1596.0 1712.0 263.0 font l'essentiel de l'administration : im¬

2288.0 1836.0 218.0 141.0 pôts.

2329.0 1839.0 1086.0 203.0 organisation économique

2203.0 1882.0 1766.0 276.0 Bref, le caractère essentiel de la Romania

2212.0 1993.0 1800.0 252.0 reste méditerranéen. Les pays restés germa¬

2200.0 2065.0 1798.0 286.0 niques (et encore Voy. langue adm. Egl. etc) de

2203.0 2182.0 1786.0 256.0 la frontière et l'Angleterre ne jouent aucun

2200.0 2270.0 1769.0 251.0 rôle. L'erreur est de les avoir pris, à cette

2196.0 2406.0 1382.0 253.0 époque, commue point de départ.
