3978 5085
3384.0 93.0 541.0 241.0 165

78.0 27.0 2102.0 149.0 en vrais ruraux qu'il sont, antipathiques sem¬

75.0 139.0 2131.0 126.0 ble-t-il à la résidence de Metz qui a été la capitale

48.0 210.0 2064.0 161.0 d l'Austrasie. C'est à Liège que Grimoald, le

54.0 300.0 2058.0 142.0 fils de Pepin II, est tué en 714 par un Frison.

74.0 397.0 2003.0 132.0 En 741 Carloman et Pepin le Bref enferment

46.0 475.0 2032.0 185.0 leur frère Griffon à Chèvremont, après la mort

60.0 571.0 890.0 141.0 de charles Martel.

78.0 661.0 2056.0 163.0 Et à cela s'ajoutent bien d'autres terres en Allema¬

53.0 776.0 2033.0 130.0 gne. Mais leur seat est le pays liégeois, ce pays où

62.0 879.0 2009.0 137.0 le nom de Pepin se rencontre encore au moyen

52.0 967.0 1009.0 128.0 Age et dans Pepinster.

58.0 1039.0 2049.0 183.0 Pour la première fois avec eux c'est une fa¬

47.0 1157.0 2056.0 158.0 mille du Nord au moins à demi germanique,

48.0 1279.0 2097.0 140.0 et en tous cas pure de toute alliance romaine

50.0 1387.0 2005.0 147.0 qui va jouer le premier rôle. Ils ne sont pas

36.0 1469.0 2073.0 149.0 adaptés au milieu Neustrien qui de son côté leur

32.0 1563.0 2053.0 159.0 et hostile. Déja du temps du premier Pepin

54.0 1677.0 2076.0 112.0 qui avait été tout puissant auprès du roi quand

48.0 1778.0 2073.0 128.0 il habitait l'Austrasie, on constate que son in¬

52.0 1865.0 1981.0 176.0 fluence disparait quand le roi s'établit en

40.0 1963.0 2100.0 171.0 Neustrie (Richter p.159). Il y a eu sans doute

41.0 2066.0 2074.0 161.0 à la suite de cela un mécontentement en Aus¬

36.0 2164.0 2036.0 165.0 trasie, à la suite duquel en 632 y a nommé

21.0 2264.0 2083.0 162.0 comme Vice-roi son fils Sigebert III (Voy, le tra¬

36.0 2362.0 1552.0 184.0 vail que j'ai sur l'Unterkoenigthum).

47.0 2487.0 1997.0 152.0 Ainsi, dans cette Francia où on ne constate

53.0 2576.0 2042.0 165.0 pas la moindre hostilité nationale tant

62.0 2681.0 2041.0 164.0 que la royauté reste forte, la séparation com¬

42.0 2784.0 1997.0 161.0 mence à se faire et c'est une opposition évi¬

40.0 2858.0 2030.0 200.0 dente Romanisme Germanisme. On peut

48.0 2974.0 1990.0 176.0 deja peut-être s'en apercevoir dans la Vita

42.0 3084.0 2128.0 177.0 Eligii II 20 SS Mer. IV. 712 où on lui dit pendant

29.0 3192.0 2079.0 182.0 son apostolat : numquam tu Romane quam¬

29.0 3292.0 2054.0 179.0 vis haec frequenter taxes, consuetudines nos¬

40.0 3406.0 2042.0 159.0 tras evellere poteris". On est ici dans le pays

43.0 3504.0 2176.0 178.0 de la Loi Salique et de la Loi Ripuaire. Les moeurs

36.0 3608.0 2047.0 167.0 sont beaucoup plus rudes au point qu'elles

42.0 3715.0 2110.0 161.0 ont épouvanté les Ostrogoths. Il y a même en¬

42.0 3817.0 2101.0 166.0 core des payens là dedans. Et à mesure que

29.0 3911.0 2046.0 175.0 le pouvoir du roi décline il se fait naturelle¬

22.0 4010.0 1994.0 199.0 ment que les influences regionales cad. de

37.0 4120.0 2011.0 155.0 l aristocratie prennent une participation pl

55.0 4235.0 1997.0 147.0 grande dans le recrutement des autorités.

65.0 4342.0 1934.0 183.0 Helene Wieruszowski ds les Bonner Jahrbücher

50.0 4449.0 2019.0 171.0 constate que sous les Pepin le clergé se germa¬

57.0 4545.0 1961.0 150.0 nise, mais cela a certainement commencé

66.0 4648.0 777.0 140.0 par l'Austrasie.

84.0 4767.0 1908.0 167.0 Les Pepin étaient donc très forts chez eux et

2114.0 1125.0 1850.0 172.0 Le droit franc < salien >, sans attaches séna¬

2701.0 1069.0 353.0 112.0 ripuaire

3333.0 1235.0 378.0 112.0 toriales.

2628.0 1453.0 1284.0 170.0 Il ne faut pas exagérer Itta, femme

2581.0 1581.0 1285.0 145.0 du 1er Pepin est une austrasienne.
