<?xml version="1.0" encoding="UTF-8"?>
<alto xmlns:xsi="http://www.w3.org/2001/XMLSchema-instance"
      xmlns="http://www.loc.gov/standards/alto/ns-v4#"
      xsi:schemaLocation="http://www.loc.gov/standards/alto/ns-v4# http://www.loc.gov/standards/alto/v4/alto-4-2.xsd">
  <Description>
    <MeasurementUnit>pixel</MeasurementUnit>
    <sourceImageInformation>
      <fileName>Image00215.tif</fileName>
    </sourceImageInformation>
  </Description>
  <Tags>
    <OtherTag ID="BT1" LABEL="Title" DESCRIPTION="block type Title"/><OtherTag ID="BT2" LABEL="Main" DESCRIPTION="block type Main"/><OtherTag ID="BT3" LABEL="Commentary" DESCRIPTION="block type Commentary"/><OtherTag ID="BT4" LABEL="Illustration" DESCRIPTION="block type Illustration"/><OtherTag ID="BT138" LABEL="TitlePageZone" DESCRIPTION="block type TitlePageZone"/><OtherTag ID="BT139" LABEL="MainZone" DESCRIPTION="block type MainZone"/><OtherTag ID="BT140" LABEL="MarginTextZone" DESCRIPTION="block type MarginTextZone"/><OtherTag ID="BT141" LABEL="NumberingZone" DESCRIPTION="block type NumberingZone"/><OtherTag ID="BT142" LABEL="CustomZone:Numbering" DESCRIPTION="block type CustomZone:Numbering"/>
    <OtherTag ID="LT80" LABEL="DefaultLine" DESCRIPTION="line type DefaultLine"/><OtherTag ID="LT81" LABEL="InterlinearLine:correction" DESCRIPTION="line type InterlinearLine:correction"/><OtherTag ID="LT82" LABEL="InterlinearLine:addition" DESCRIPTION="line type InterlinearLine:addition"/><OtherTag ID="LT83" LABEL="HeadingLine" DESCRIPTION="line type HeadingLine"/>
  </Tags>
  <Layout>
    <Page WIDTH="3993"
          HEIGHT="5058"
          PHYSICAL_IMG_NR="214"
          ID="eSc_dummypage_">
      <PrintSpace HPOS="0"
                  VPOS="0"
                  WIDTH="3993"
                  HEIGHT="5058">
        <TextBlock HPOS="23.0"
                   VPOS="1.0"
                   WIDTH="2207.0"
                   HEIGHT="5031.0"
                   ID="ae8da424-943e-4ceb-b179-5457ddf2a1ca"
                   TAGREFS="BT139">
          <Shape><Polygon POINTS="1984 2 2094 16 2087 144 2135 589 2135 597 2155 1162 2063 1420 2165 1766 2181 1965 2135 2216 2067 2371 2108 2516 2048 2683 2160 2751 2159 2865 2159 3056 2230 3251 2230 3254 2123 3349 2190 3482 2148 3555 2130 4196 2113 4769 2139 4849 2208 4853 2225 4946 2132 4956 1292 4985 743 5032 116 5002 96 4949 46 4821 23 2506 26 1892 28 1436 34 69 183 36 550 30 1418 1"/></Shape>
          <TextLine ID="eSc_line_c889301a"
                    TAGREFS="LT80"
                    BASELINE="101 99 488 106 2057 60" 
                    HPOS="70"
                    VPOS="0"
                    WIDTH="1997"
                    HEIGHT="191">
            <Shape><Polygon POINTS="2034 81 2067 54 2053 37 2027 9 2011 16 1989 37 1968 39 1964 0 1945 11 1954 44 1913 24 1882 50 1721 0 161 44 79 80 70 133 110 139 253 126 411 140 482 191 571 129 1180 110 1361 107 1559 138 1772 111"/></Shape>
	    <String CONTENT="pour les garnisons du Rhin et y importait"
                    HPOS="70"
                    VPOS="0"
                    WIDTH="1997"
                    HEIGHT="191"></String>
          </TextLine>
          <TextLine ID="eSc_line_691f295b"
                    TAGREFS="LT80"
                    BASELINE="90 186 245 205 2036 143" 
                    HPOS="3"
                    VPOS="84"
                    WIDTH="2046"
                    HEIGHT="161">
            <Shape><Polygon POINTS="558 141 503 183 481 187 226 125 3 184 232 245 1732 192 2049 163 2026 84 1563 142 1261 107"/></Shape>
	    <String CONTENT="les épices et autres produits venus par la"
                    HPOS="3"
                    VPOS="84"
                    WIDTH="2046"
                    HEIGHT="161"></String>
          </TextLine>
          <TextLine ID="eSc_line_7ebb08b0"
                    TAGREFS="LT80"
                    BASELINE="73 263 207 299 2070 222" 
                    HPOS="48"
                    VPOS="166"
                    WIDTH="2033"
                    HEIGHT="152">
            <Shape><Polygon POINTS="92 318 579 318 688 307 860 303 1093 303 1662 283 1713 310 1729 313 1767 268 1998 252 2066 251 2081 204 2064 166 1893 192 1222 217 1001 195 957 229 932 234 889 204 671 227 299 229 233 256 194 219 87 219 48 260"/></Shape>
	    <String CONTENT="méditerranée. C&#x27;était donc le prolongement"
                    HPOS="48"
                    VPOS="166"
                    WIDTH="2033"
                    HEIGHT="152"></String>
          </TextLine>
          <TextLine ID="eSc_line_0e29679d"
                    TAGREFS="LT80"
                    BASELINE="90 371 236 388 623 382 839 370 1333 346 2030 311" 
                    HPOS="66"
                    VPOS="249"
                    WIDTH="2013"
                    HEIGHT="185">
            <Shape><Polygon POINTS="202 434 2079 336 1993 249 1735 305 1448 300 105 321 66 389"/></Shape>
	    <String CONTENT="du courant commercial &lt;...... ....&gt; de"
                    HPOS="66"
                    VPOS="249"
                    WIDTH="2013"
                    HEIGHT="185"></String>
          </TextLine>
          <TextLine ID="eSc_line_f2a48588"
                    TAGREFS="LT80"
                    BASELINE="62 459 168 489 451 482 1557 428 2095 402" 
                    HPOS="28"
                    VPOS="337"
                    WIDTH="2096"
                    HEIGHT="235">
            <Shape><Polygon POINTS="28 467 77 512 278 515 358 572 455 517 719 494 824 488 885 489 919 488 957 481 1024 484 1063 475 1104 480 1139 492 1177 488 1201 477 1238 481 1266 488 1360 464 1406 459 1473 462 1547 444 1601 446 1665 446 1720 438 1787 440 1946 436 2077 437 2124 421 2082 337 1513 365 1345 380 215 437 101 406"/></Shape>
	    <String CONTENT="la mer Tyrrhénienne. Cela rentrait dans l&#x27;ac¬"
                    HPOS="28"
                    VPOS="337"
                    WIDTH="2096"
                    HEIGHT="235"></String>
          </TextLine>
          <TextLine ID="eSc_line_9aa2267c"
                    TAGREFS="LT80"
                    BASELINE="73 567 188 600 360 598 1088 535 2049 497" 
                    HPOS="46"
                    VPOS="436"
                    WIDTH="2024"
                    HEIGHT="214">
            <Shape><Polygon POINTS="166 512 53 524 46 604 173 623 259 620 361 650 644 600 781 593 840 590 986 577 990 577 1028 598 1033 598 1037 598 1041 598 1075 607 1113 569 1130 564 1146 569 1193 581 1197 581 1201 581 1205 581 1281 560 1327 561 2042 535 2070 502 2032 436 1886 448 1843 447 1807 439 1775 441 1729 439 1704 447 1683 463 1654 465 1633 466 1606 449 1492 464 1412 482 1178 496 1078 485 565 514 460 519 368 573 329 573 311 541"/></Shape>
	    <String CONTENT="tivité générale de la Romania. C&#x27;en était la"
                    HPOS="46"
                    VPOS="436"
                    WIDTH="2024"
                    HEIGHT="214"></String>
          </TextLine>
          <TextLine ID="eSc_line_ec12c454"
                    TAGREFS="LT80"
                    BASELINE="90 674 208 689 360 699 427 692 543 681 640 679 833 675 884 664 919 638 950 658 1016 636 1101 646 1189 641 1700 610 1811 605 2091 593" 
                    HPOS="62"
                    VPOS="541"
                    WIDTH="2380"
                    HEIGHT="208">
            <Shape><Polygon POINTS="62 749 2442 588 1980 541 989 582 376 652 90 602"/></Shape>
	    <String CONTENT="pointe extrême. Le monument de Nehalle¬"
                    HPOS="62"
                    VPOS="541"
                    WIDTH="2380"
                    HEIGHT="208"></String>
          </TextLine>
          <TextLine ID="eSc_line_3572f4bf"
                    TAGREFS="LT80"
                    BASELINE="84 773 194 791 750 771 1145 752 1245 744 1509 723 2080 699" 
                    HPOS="51"
                    VPOS="649"
                    WIDTH="2062"
                    HEIGHT="186">
            <Shape><Polygon POINTS="51 795 156 823 272 811 518 835 542 807 573 803 672 820 2113 717 2037 649 1734 682 1518 660 490 737 72 724"/></Shape>
	    <String CONTENT="nia nous rappelle encore l&#x27;importance de"
                    HPOS="51"
                    VPOS="649"
                    WIDTH="2062"
                    HEIGHT="186"
                    WC="0.9878717020154"></String>
          </TextLine>
          <TextLine ID="eSc_line_68ca9967"
                    TAGREFS="LT80"
                    BASELINE="72 866 146 889 352 885 2050 781" 
                    HPOS="53"
                    VPOS="732"
                    WIDTH="2013"
                    HEIGHT="197">
            <Shape><Polygon POINTS="53 851 56 909 348 927 621 929 640 903 885 880 1136 873 1209 862 1366 855 1528 844 2040 821 2066 794 2029 739 1961 732 1857 737 1740 733 1540 761 816 803 667 823 540 808 511 847 469 825 200 841 132 857 91 831"/></Shape>
	    <String CONTENT="ce trafic. Il faut voir là dessus Cumont, p."
                    HPOS="53"
                    VPOS="732"
                    WIDTH="2013"
                    HEIGHT="197"></String>
          </TextLine>
          <TextLine ID="eSc_line_edcb1640"
                    TAGREFS="LT80"
                    BASELINE="81 980 161 998 354 992 864 954 1519 905 1537 903 1544 903 1694 892 1710 890 2117 860" 
                    HPOS="0"
                    VPOS="826"
                    WIDTH="2251"
                    HEIGHT="215">
            <Shape><Polygon POINTS="151 1041 2251 880 1971 826 1056 872 495 936 0 934"/></Shape>
	    <String CONTENT="26 et suiv. Les bateaux s&#x27;avançaient même"
                    HPOS="0"
                    VPOS="826"
                    WIDTH="2251"
                    HEIGHT="215"></String>
          </TextLine>
          <TextLine ID="eSc_line_de5bcc52"
                    TAGREFS="LT80"
                    BASELINE="80 1074 227 1085 702 1040 1016 1034 1187 1010 2036 959" 
                    HPOS="43"
                    VPOS="890"
                    WIDTH="2054"
                    HEIGHT="251">
            <Shape><Polygon POINTS="71 1121 145 1106 209 1141 262 1109 461 1134 556 1095 560 1095 608 1076 884 1072 1094 1060 1160 1052 1209 1045 1283 1030 1415 1020 1498 1024 1555 1036 1672 1028 2051 1005 2097 964 1967 890 1869 933 1652 923 1484 931 1121 964 1057 1000 788 996 450 1019 254 1034 169 1031 115 1026 78 1037 47 1053 43 1090"/></Shape>
	    <String CONTENT="jusqu&#x27;aux bouches de l&#x27;Elbe et du Weser. Pl."
                    HPOS="43"
                    VPOS="890"
                    WIDTH="2054"
                    HEIGHT="251"></String>
          </TextLine>
          <TextLine ID="eSc_line_40f71341"
                    TAGREFS="LT80"
                    BASELINE="81 1159 157 1182 252 1191 327 1174 885 1134 1037 1125 1115 1131 1193 1135 1250 1115 2065 1060" 
                    HPOS="56"
                    VPOS="1012"
                    WIDTH="2033"
                    HEIGHT="212">
            <Shape><Polygon POINTS="67 1203 262 1224 470 1213 518 1213 568 1199 628 1191 661 1188 813 1180 889 1180 902 1180 1028 1168 1087 1175 1241 1181 1394 1152 1469 1125 1502 1168 1699 1116 1829 1121 1919 1138 2014 1093 2059 1084 2089 1049 2047 1012 1602 1039 1473 1031 1410 1061 1360 1054 1345 1045 1292 1044 1255 1040 1211 1054 1180 1063 1101 1076 1090 1076 1073 1078 1054 1086 1028 1075 976 1092 893 1076 720 1098 610 1084 522 1118 465 1144 440 1137 397 1133 347 1126 236 1129 197 1150 108 1114 56 1152"/></Shape>
	    <String CONTENT="tard, lors des invasions du IIIe s il fallut orga¬"
                    HPOS="56"
                    VPOS="1012"
                    WIDTH="2033"
                    HEIGHT="212"></String>
          </TextLine>
          <TextLine ID="eSc_line_5e45190f"
                    TAGREFS="LT80"
                    BASELINE="65 1247 146 1271 248 1280 490 1271 616 1242 864 1253 1699 1180 2129 1171" 
                    HPOS="26"
                    VPOS="1105"
                    WIDTH="2124"
                    HEIGHT="206">
            <Shape><Polygon POINTS="249 1227 82 1198 26 1269 121 1305 178 1304 263 1308 361 1311 541 1304 631 1280 712 1279 751 1286 807 1278 839 1294 884 1283 903 1310 978 1268 1062 1268 1121 1275 1172 1260 1200 1258 1302 1260 1332 1243 1393 1250 1446 1236 1508 1244 1584 1231 1893 1236 2142 1211 2150 1147 2036 1105 1990 1138 1672 1140 1504 1176 1462 1130 1380 1181 584 1200 510 1226"/></Shape>
	    <String CONTENT="niser une flotte de guerre pour écarter les raids"
                    HPOS="26"
                    VPOS="1105"
                    WIDTH="2124"
                    HEIGHT="206"></String>
          </TextLine>
          <TextLine ID="eSc_line_b0971a4d"
                    TAGREFS="LT80"
                    BASELINE="75 1350 185 1367 354 1367 910 1345 2066 1274" 
                    HPOS="20"
                    VPOS="1240"
                    WIDTH="2070"
                    HEIGHT="194">
            <Shape><Polygon POINTS="627 1295 506 1322 243 1310 92 1301 20 1357 89 1388 302 1434 518 1403 555 1400 590 1399 669 1401 766 1379 857 1401 905 1372 1159 1378 1323 1344 1591 1325 1764 1317 1786 1316 1848 1313 1893 1344 1921 1327 1957 1335 2090 1298 2049 1240 1897 1246 1767 1241 1285 1261 983 1288 903 1310 847 1297"/></Shape>
	    <String CONTENT="des Saxons. Le port principal où les bateaux de"
                    HPOS="20"
                    VPOS="1240"
                    WIDTH="2070"
                    HEIGHT="194"></String>
          </TextLine>
          <TextLine ID="eSc_line_ed5fc5d0"
                    TAGREFS="LT80"
                    BASELINE="69 1445 146 1469 248 1475 1449 1412 2007 1382" 
                    HPOS="8"
                    VPOS="1318"
                    WIDTH="2201"
                    HEIGHT="190">
            <Shape><Polygon POINTS="244 1508 2209 1416 1784 1318 329 1428 118 1401 8 1465"/></Shape>
	    <String CONTENT="la mer rencontraient ceux de l&#x27;intérieur"
                    HPOS="8"
                    VPOS="1318"
                    WIDTH="2201"
                    HEIGHT="190"></String>
          </TextLine>
          <TextLine ID="eSc_line_71a5d1e0"
                    TAGREFS="LT80"
                    BASELINE="65 1549 167 1571 261 1574 341 1556 1773 1489" 
                    HPOS="50"
                    VPOS="1426"
                    WIDTH="1755"
                    HEIGHT="190">
            <Shape><Polygon POINTS="359 1585 627 1568 676 1588 703 1561 988 1547 992 1579 1142 1545 1367 1529 1762 1517 1805 1493 1767 1426 1415 1442 1261 1487 1209 1454 554 1484 402 1494 354 1500 323 1497 253 1515 99 1479 71 1504 50 1566 192 1616"/></Shape>
	    <String CONTENT="était Fectio (Vechten) près d&#x27;Utrecht."
                    HPOS="50"
                    VPOS="1426"
                    WIDTH="1755"
                    HEIGHT="190"
                    WC="0.9825357520266583"></String>
          </TextLine>
          <TextLine ID="eSc_line_133ccc9e"
                    TAGREFS="LT80"
                    BASELINE="88 1661 200 1683 444 1663 499 1682 567 1676 824 1648 1191 1618 2080 1559" 
                    HPOS="63"
                    VPOS="1499"
                    WIDTH="2039"
                    HEIGHT="223">
            <Shape><Polygon POINTS="74 1713 197 1706 289 1714 552 1722 649 1697 822 1694 906 1664 1062 1677 1117 1676 1682 1629 1802 1632 2073 1593 2102 1542 1846 1499 1760 1560 1399 1575 1368 1560 1139 1578 1016 1591 899 1590 795 1596 731 1615 502 1642 414 1613 379 1642 337 1628 295 1626 270 1614 203 1626 176 1613 118 1593 73 1622 63 1664"/></Shape>
	    <String CONTENT="Tout cela, qui dut souffrir beaucoup des inva¬"
                    HPOS="63"
                    VPOS="1499"
                    WIDTH="2039"
                    HEIGHT="223"></String>
          </TextLine>
          <TextLine ID="eSc_line_f537d110"
                    TAGREFS="LT80"
                    BASELINE="69 1753 205 1783 427 1782 517 1769 708 1760 2074 1660" 
                    HPOS="43"
                    VPOS="1614"
                    WIDTH="2049"
                    HEIGHT="211">
            <Shape><Polygon POINTS="43 1781 133 1816 261 1825 438 1806 495 1801 543 1803 570 1806 611 1804 634 1804 672 1800 708 1800 733 1798 763 1791 779 1794 814 1787 859 1779 904 1786 989 1782 1014 1782 1159 1757 1209 1781 1358 1755 1806 1720 1919 1734 2092 1677 2072 1614 1853 1619 1788 1647 1707 1629 1358 1655 1190 1684 966 1679 548 1723 299 1736 185 1709 49 1719"/></Shape>
	    <String CONTENT="sions du Ve s. et de la conquête de l Bretagne"
                    HPOS="43"
                    VPOS="1614"
                    WIDTH="2049"
                    HEIGHT="211"
                    WC="0.9918709643509077"></String>
          </TextLine>
          <TextLine ID="eSc_line_bd7e38b8"
                    TAGREFS="LT80"
                    BASELINE="67 1855 210 1890 2147 1766" 
                    HPOS="47"
                    VPOS="1706"
                    WIDTH="2132"
                    HEIGHT="234">
            <Shape><Polygon POINTS="191 1929 417 1922 496 1903 514 1940 718 1894 792 1900 1189 1859 1257 1850 1291 1859 1328 1863 1384 1852 1638 1852 1740 1802 1787 1811 1986 1809 2179 1789 2131 1711 2054 1706 1910 1741 1803 1724 1211 1788 1027 1781 595 1822 462 1814 266 1827 109 1812 50 1846 47 1908"/></Shape>
	    <String CONTENT="par les Saxons se retrouve et se continue à l&#x27;é¬"
                    HPOS="47"
                    VPOS="1706"
                    WIDTH="2132"
                    HEIGHT="234"></String>
          </TextLine>
          <TextLine ID="eSc_line_f3cb79ad"
                    TAGREFS="LT80"
                    BASELINE="67 1970 212 1993 2099 1871" 
                    HPOS="41"
                    VPOS="1799"
                    WIDTH="2082"
                    HEIGHT="254">
            <Shape><Polygon POINTS="180 2053 270 2013 449 2014 653 1989 786 2007 825 1980 1151 1955 1357 1975 1598 1926 1700 1935 1923 1927 2096 1924 2123 1884 2096 1799 1962 1819 1905 1809 1764 1818 1738 1801 1633 1857 1442 1862 1274 1866 1125 1871 836 1909 698 1902 635 1918 563 1940 522 1942 500 1937 495 1907 470 1911 363 1956 164 1926 106 1930 45 1955 41 2029 103 2016"/></Shape>
	    <String CONTENT="poque mérovingienne. A la place de Fectio, il"
                    HPOS="41"
                    VPOS="1799"
                    WIDTH="2082"
                    HEIGHT="254"></String>
          </TextLine>
          <TextLine ID="eSc_line_01d936d2"
                    TAGREFS="LT80"
                    BASELINE="81 2072 320 2081 519 2062 722 2067 809 2039 887 2044 1388 2028 1452 2012 2141 1985" 
                    HPOS="17"
                    VPOS="1933"
                    WIDTH="2136"
                    HEIGHT="188">
            <Shape><Polygon POINTS="351 2119 456 2109 623 2101 855 2087 1054 2086 1105 2075 1140 2076 1171 2070 1218 2069 1252 2061 1309 2067 1520 2050 1723 2034 1895 2052 2034 2011 2140 2018 2153 1964 2104 1942 1898 1933 1519 1944 1352 1982 1173 1963 1110 1974 820 1987 787 2012 246 2027 212 2048 163 2049 104 2014 17 2068 75 2121 159 2100"/></Shape>
	    <String CONTENT="y a les ports de Dorestad sur le Rhin et de Quen¬"
                    HPOS="17"
                    VPOS="1933"
                    WIDTH="2136"
                    HEIGHT="188"></String>
          </TextLine>
          <TextLine ID="eSc_line_941f2839"
                    TAGREFS="LT80"
                    BASELINE="71 2156 120 2167 193 2194 233 2186 288 2186 400 2184 850 2151 1184 2131 2121 2092" 
                    HPOS="50"
                    VPOS="2023"
                    WIDTH="2087"
                    HEIGHT="202">
            <Shape><Polygon POINTS="50 2204 139 2225 784 2200 986 2166 1028 2166 1169 2163 1332 2153 1347 2153 1442 2162 2133 2120 2137 2086 2129 2040 2034 2023 1988 2030 1944 2052 1890 2064 1786 2050 1732 2052 1689 2045 1660 2059 1619 2056 1534 2057 1478 2055 1429 2061 1353 2061 998 2082 421 2116 361 2137 289 2113 105 2113 52 2149"/></Shape>
	    <String CONTENT="towic à l&#x27;embouchure de la &lt;......&gt; Cauche."
                    HPOS="50"
                    VPOS="2023"
                    WIDTH="2087"
                    HEIGHT="202"></String>
          </TextLine>
          <TextLine ID="eSc_line_7162c5ea"
                    TAGREFS="LT80"
                    BASELINE="79 2279 228 2305 330 2282 501 2286 704 2271 2137 2182" 
                    HPOS="48"
                    VPOS="2130"
                    WIDTH="2085"
                    HEIGHT="206">
            <Shape><Polygon POINTS="48 2311 94 2336 1069 2286 1200 2251 1278 2281 2133 2212 2133 2174 2122 2130 1100 2175 82 2241"/></Shape>
	    <String CONTENT="Quentowic nous a laissé de nombreuses mon¬"
                    HPOS="48"
                    VPOS="2130"
                    WIDTH="2085"
                    HEIGHT="206"
                    WC="0.9936125860327766"></String>
          </TextLine>
          <TextLine ID="eSc_line_ee862c08"
                    TAGREFS="LT80"
                    BASELINE="60 2367 178 2399 1113 2352 1187 2328 1383 2327 1492 2321 2029 2297" 
                    HPOS="23"
                    VPOS="2240"
                    WIDTH="2048"
                    HEIGHT="229">
            <Shape><Polygon POINTS="70 2336 23 2371 170 2469 224 2450 295 2415 793 2417 841 2403 995 2385 1032 2393 1117 2398 1121 2398 1205 2368 1446 2370 1650 2361 1883 2350 1908 2321 2004 2334 2071 2301 1999 2240 1653 2261 1279 2284 1189 2253 1065 2303 279 2351"/></Shape>
	    <String CONTENT="nayes merovingiennes (Prou, p.245-249) On"
                    HPOS="23"
                    VPOS="2240"
                    WIDTH="2048"
                    HEIGHT="229"></String>
          </TextLine>
          <TextLine ID="eSc_line_f964e877"
                    TAGREFS="LT80"
                    BASELINE="64 2466 189 2497 1424 2426 2042 2391" 
                    HPOS="45"
                    VPOS="2326"
                    WIDTH="2013"
                    HEIGHT="207">
            <Shape><Polygon POINTS="183 2530 269 2533 305 2525 491 2499 557 2504 699 2498 771 2503 799 2497 836 2491 1013 2475 1091 2497 1175 2481 1855 2442 2058 2423 2057 2345 1904 2326 1885 2354 1862 2354 1624 2365 1125 2400 883 2412 797 2418 545 2422 320 2420 170 2470 84 2426 45 2435 61 2514"/></Shape>
	    <String CONTENT="en a de même beaucoup de Maestricht (Ibid."
                    HPOS="45"
                    VPOS="2326"
                    WIDTH="2013"
                    HEIGHT="207"></String>
          </TextLine>
          <TextLine ID="eSc_line_b28cea18"
                    TAGREFS="LT80"
                    BASELINE="65 2571 276 2603 397 2580 776 2571 1746 2524 1838 2514 2074 2501 2105 2512" 
                    HPOS="47"
                    VPOS="2443"
                    WIDTH="2082"
                    HEIGHT="209">
            <Shape><Polygon POINTS="66 2518 47 2583 64 2620 244 2652 594 2600 746 2621 885 2592 1184 2600 1286 2575 1347 2584 1394 2605 1576 2574 1622 2568 1687 2570 1739 2568 1783 2565 1808 2573 1820 2569 1905 2562 2007 2566 2049 2537 2087 2554 2129 2529 2074 2452 2023 2444 1866 2443 1783 2472 1615 2477 339 2525 189 2531"/></Shape>
	    <String CONTENT="p. 257-261) bien pl nombreux que pour Cologne,"
                    HPOS="47"
                    VPOS="2443"
                    WIDTH="2082"
                    HEIGHT="209"></String>
          </TextLine>
          <TextLine ID="eSc_line_6f335344"
                    TAGREFS="LT80"
                    BASELINE="83 2664 140 2691 318 2699 1151 2657 1492 2625 1968 2622" 
                    HPOS="43"
                    VPOS="2571"
                    WIDTH="1959"
                    HEIGHT="175">
            <Shape><Polygon POINTS="108 2614 43 2670 116 2732 248 2746 324 2731 566 2715 676 2718 707 2720 772 2706 823 2705 838 2708 873 2706 1011 2689 1109 2698 1175 2689 1285 2673 1410 2676 1690 2689 1707 2671 1764 2656 1941 2658 2002 2623 1991 2571 1480 2592 1398 2612 1358 2593 367 2636 214 2672"/></Shape>
	    <String CONTENT="Cambrai etc. On en a un d Anvers (p.261)"
                    HPOS="43"
                    VPOS="2571"
                    WIDTH="1959"
                    HEIGHT="175"></String>
          </TextLine>
          <TextLine ID="eSc_line_89f4a123"
                    TAGREFS="LT80"
                    BASELINE="80 2778 201 2811 923 2773 2003 2696" 
                    HPOS="56"
                    VPOS="2652"
                    WIDTH="1983"
                    HEIGHT="191">
            <Shape><Polygon POINTS="773 2717 227 2748 95 2725 56 2797 104 2826 271 2843 460 2842 495 2837 553 2830 596 2819 669 2826 759 2834 822 2821 852 2841 901 2817 950 2828 972 2821 1000 2805 1018 2789 1060 2795 1071 2794 1091 2799 1122 2799 1146 2798 1161 2798 1183 2795 1208 2791 1241 2779 1277 2773 1291 2772 1330 2770 1364 2766 1385 2771 1411 2776 1427 2788 1450 2794 1538 2778 1867 2753 1997 2753 2039 2704 2021 2652 1757 2661 1726 2680 1705 2674 1683 2697 1418 2672"/></Shape>
	    <String CONTENT="une masse de Huy (p.261-264), de Dinant,"
                    HPOS="56"
                    VPOS="2652"
                    WIDTH="1983"
                    HEIGHT="191"></String>
          </TextLine>
          <TextLine ID="eSc_line_9ec4fc28"
                    TAGREFS="LT80"
                    BASELINE="75 2887 166 2909 935 2888 2144 2803" 
                    HPOS="51"
                    VPOS="2720"
                    WIDTH="2097"
                    HEIGHT="240">
            <Shape><Polygon POINTS="63 2942 422 2941 506 2960 671 2953 783 2934 882 2946 950 2918 1038 2905 1079 2917 1526 2870 1547 2870 1631 2882 1672 2885 1759 2893 1808 2863 1868 2851 2102 2843 2144 2833 2148 2780 2125 2720 2100 2730 2030 2762 1850 2762 1627 2777 1460 2794 1264 2780 1138 2812 1018 2797 979 2836 881 2832 847 2848 826 2833 675 2840 250 2857 103 2836 51 2893"/></Shape>
	    <String CONTENT="de Namur (265-66) Eupen, beaucoup de Dorestad"
                    HPOS="51"
                    VPOS="2720"
                    WIDTH="2097"
                    HEIGHT="240"></String>
          </TextLine>
          <TextLine ID="eSc_line_b00d096d"
                    TAGREFS="LT80"
                    BASELINE="87 2999 139 3010 273 3020 363 3018 413 3002 781 2999 969 3002 1037 2979 1722 2958" 
                    HPOS="61"
                    VPOS="2893"
                    WIDTH="1681"
                    HEIGHT="176">
            <Shape><Polygon POINTS="66 3032 143 3054 205 3049 265 3049 438 3060 485 3045 546 3069 569 3062 608 3058 640 3055 653 3055 775 3051 849 3039 923 3043 936 3043 995 3026 1058 3013 1212 3020 1286 3025 1328 3013 1395 3010 1421 3017 1491 3006 1560 3004 1681 3002 1738 2991 1742 2945 1696 2893 1218 2915 1139 2924 1086 2930 1035 2912 896 2947 845 2945 667 2964 603 2956 500 2970 412 2950 107 2953 61 2984"/></Shape>
	    <String CONTENT="et d&#x27;autres frappés en Frise (267-271)."
                    HPOS="61"
                    VPOS="2893"
                    WIDTH="1681"
                    HEIGHT="176"></String>
          </TextLine>
          <TextLine ID="eSc_line_d2dabdd1"
                    TAGREFS="LT80"
                    BASELINE="96 3110 215 3137 468 3123 593 3125 647 3116 662 3114 862 3116 1760 3057 2044 3044 2142 3048" 
                    HPOS="71"
                    VPOS="2977"
                    WIDTH="2086"
                    HEIGHT="200">
            <Shape><Polygon POINTS="284 3177 2149 3071 2157 3039 2132 2977 585 3070 111 3059 71 3151"/></Shape>
	    <String CONTENT="Pourquoi ce commerce aurait-il disparu à l&#x27;é¬"
                    HPOS="71"
                    VPOS="2977"
                    WIDTH="2086"
                    HEIGHT="200"></String>
          </TextLine>
          <TextLine ID="eSc_line_443153c0"
                    TAGREFS="LT80"
                    BASELINE="71 3212 205 3246 1040 3204 2055 3148" 
                    HPOS="49"
                    VPOS="3094"
                    WIDTH="2053"
                    HEIGHT="190">
            <Shape><Polygon POINTS="155 3284 365 3277 689 3264 1030 3246 1170 3238 1242 3258 1266 3247 1288 3219 1323 3216 1366 3222 1457 3221 1520 3216 1568 3224 1611 3208 1644 3211 1753 3201 1957 3211 2102 3147 1986 3095 1789 3094 1675 3127 1474 3106 1371 3130 551 3156 281 3194 102 3165 53 3188 49 3247"/></Shape>
	    <String CONTENT="poque carolingienne ? Il n&#x27;y avait pas ici fer¬"
                    HPOS="49"
                    VPOS="3094"
                    WIDTH="2053"
                    HEIGHT="190"></String>
          </TextLine>
          <TextLine ID="eSc_line_ee02e1cc"
                    TAGREFS="LT80"
                    BASELINE="69 3303 166 3335 398 3340 829 3317 1030 3319 1744 3274 1752 3275 2212 3244" 
                    HPOS="44"
                    VPOS="3189"
                    WIDTH="2192"
                    HEIGHT="187">
            <Shape><Polygon POINTS="64 3269 44 3316 89 3357 268 3376 362 3367 404 3361 429 3364 470 3363 503 3368 562 3368 666 3350 710 3351 750 3355 819 3353 891 3343 922 3340 979 3343 1028 3368 1061 3347 1103 3352 1341 3328 1408 3321 1451 3308 1516 3304 1528 3338 1598 3317 1610 3308 1771 3324 1940 3285 2131 3289 2236 3262 2196 3189 1903 3212 1703 3215 1318 3240 1242 3270 993 3252 689 3277 163 3288"/></Shape>
	    <String CONTENT="meture de la mer. De plus la draperie flamande"
                    HPOS="44"
                    VPOS="3189"
                    WIDTH="2192"
                    HEIGHT="187"></String>
          </TextLine>
          <TextLine ID="eSc_line_9c0360a6"
                    TAGREFS="LT80"
                    BASELINE="73 3411 184 3437 301 3439 758 3426 958 3414 1362 3389 2068 3345" 
                    HPOS="56"
                    VPOS="3295"
                    WIDTH="2066"
                    HEIGHT="182">
            <Shape><Polygon POINTS="59 3385 56 3460 105 3450 256 3477 1248 3433 1318 3458 1486 3405 1721 3414 2040 3375 2122 3345 1978 3295 1781 3327 1526 3340 1505 3308 1026 3366 963 3348"/></Shape>
	    <String CONTENT="qui avait alimenté la navigation depuis les"
                    HPOS="56"
                    VPOS="3295"
                    WIDTH="2066"
                    HEIGHT="182"></String>
          </TextLine>
          <TextLine ID="eSc_line_d945d229"
                    TAGREFS="LT80"
                    BASELINE="72 3490 137 3521 214 3538 760 3518 794 3516 875 3513 934 3506 2042 3447 2169 3464" 
                    HPOS="51"
                    VPOS="3384"
                    WIDTH="2128"
                    HEIGHT="188">
            <Shape><Polygon POINTS="1936 3384 1726 3416 1677 3424 1613 3405 1572 3413 1532 3430 1512 3423 1492 3430 1456 3424 1386 3434 1356 3458 1302 3462 1264 3462 1239 3451 1224 3453 1168 3442 997 3456 877 3445 797 3446 724 3466 646 3466 607 3459 466 3480 395 3462 305 3488 187 3482 98 3452 65 3464 51 3514 98 3528 110 3572 552 3565 797 3534 882 3551 1272 3536 1399 3502 1513 3537 1682 3498 2150 3498 2179 3474 2163 3402"/></Shape>
	    <String CONTENT="Romains n&#x27;avait pas disparu (Draps de Frise,"
                    HPOS="51"
                    VPOS="3384"
                    WIDTH="2128"
                    HEIGHT="188"></String>
          </TextLine>
          <TextLine ID="eSc_line_9ff11d41"
                    TAGREFS="LT80"
                    BASELINE="68 3582 187 3638 944 3608 1624 3576 2066 3565" 
                    HPOS="55"
                    VPOS="3501"
                    WIDTH="2026"
                    HEIGHT="238">
            <Shape><Polygon POINTS="59 3638 317 3720 482 3686 506 3739 544 3716 584 3673 800 3672 906 3671 975 3650 1134 3624 1212 3654 1254 3645 1283 3649 1328 3624 1379 3628 1411 3633 1439 3642 1479 3620 1568 3608 2081 3589 2070 3549 2038 3501 1643 3506 1510 3545 1406 3508 1231 3545 1141 3543 1065 3539 884 3562 851 3543 759 3539 670 3561 638 3563 598 3565 540 3568 491 3567 345 3571 162 3580 109 3573 101 3527 55 3554"/></Shape>
	    <String CONTENT="Viertelj. 1909, t.VII p. 308 sqq. Il y avait même"
                    HPOS="55"
                    VPOS="3501"
                    WIDTH="2026"
                    HEIGHT="238"></String>
          </TextLine>
          <TextLine ID="eSc_line_c600cea7"
                    TAGREFS="LT80"
                    BASELINE="79 3686 143 3738 240 3753 2114 3657" 
                    HPOS="36"
                    VPOS="3592"
                    WIDTH="2095"
                    HEIGHT="193">
            <Shape><Polygon POINTS="623 3773 2112 3696 2131 3641 2099 3592 1959 3598 1922 3617 1885 3602 1842 3619 1775 3622 1735 3610 1658 3609 1603 3620 1562 3631 1537 3626 1508 3624 1421 3652 1272 3659 1144 3651 940 3670 573 3687 538 3728 505 3736 460 3686 314 3723 203 3696 102 3653 36 3689 113 3785"/></Shape>
	    <String CONTENT="des raisons de plus pour la continuation. D&#x27;abord"
                    HPOS="36"
                    VPOS="3592"
                    WIDTH="2095"
                    HEIGHT="193"></String>
          </TextLine>
          <TextLine ID="eSc_line_9af8b3e0"
                    TAGREFS="LT80"
                    BASELINE="65 3794 126 3822 252 3853 755 3835 2036 3788" 
                    HPOS="40"
                    VPOS="3708"
                    WIDTH="2024"
                    HEIGHT="182">
            <Shape><Polygon POINTS="63 3858 172 3875 298 3882 467 3871 596 3888 873 3865 1008 3867 1106 3848 1155 3890 1233 3851 1286 3860 1320 3848 1472 3823 1494 3847 1537 3838 1642 3842 2032 3827 2064 3789 1966 3708 1164 3749 858 3778 723 3780 654 3780 629 3797 569 3787 543 3791 482 3779 369 3789 257 3778 206 3805 117 3793 96 3759 63 3751 40 3793"/></Shape>
	    <String CONTENT="la présence de la cour à Aix la Chapelle. Puis la"
                    HPOS="40"
                    VPOS="3708"
                    WIDTH="2024"
                    HEIGHT="182"></String>
          </TextLine>
          <TextLine ID="eSc_line_8005fae3"
                    TAGREFS="LT80"
                    BASELINE="71 3909 223 3955 396 3956 671 3946 1386 3911 1455 3908 1740 3910 2063 3897" 
                    HPOS="0"
                    VPOS="3829"
                    WIDTH="2138"
                    HEIGHT="177">
            <Shape><Polygon POINTS="0 3871 145 4006 2104 3945 2138 3844 1500 3850 1466 3829 1198 3868 495 3885"/></Shape>
	    <String CONTENT="pacification et l&#x27;annexion de la Frise. On sait"
                    HPOS="0"
                    VPOS="3829"
                    WIDTH="2138"
                    HEIGHT="177"></String>
          </TextLine>
          <TextLine ID="eSc_line_4e4a2808"
                    TAGREFS="LT80"
                    BASELINE="74 4027 185 4047 270 4065 675 4046 708 4045 763 4042 1975 3994" 
                    HPOS="50"
                    VPOS="3953"
                    WIDTH="1955"
                    HEIGHT="152">
            <Shape><Polygon POINTS="50 4090 111 4082 336 4099 596 4078 737 4105 1002 4069 1169 4103 1221 4058 1265 4048 1342 4065 1988 4035 2005 3973 1756 3953 1437 3958 1026 3999 55 3993"/></Shape>
	    <String CONTENT="que la batellerie frisonne fut très active sur"
                    HPOS="50"
                    VPOS="3953"
                    WIDTH="1955"
                    HEIGHT="152"></String>
          </TextLine>
          <TextLine ID="eSc_line_1408e8a2"
                    TAGREFS="LT80"
                    BASELINE="72 4115 183 4162 296 4170 370 4160 2047 4085" 
                    HPOS="33"
                    VPOS="4036"
                    WIDTH="2049"
                    HEIGHT="170">
            <Shape><Polygon POINTS="33 4125 73 4156 266 4206 497 4206 794 4168 1081 4174 1202 4192 1319 4158 1400 4152 1437 4158 1496 4148 1551 4141 1655 4161 1728 4140 1789 4143 1850 4158 1922 4139 2026 4120 2082 4095 2043 4041 1965 4036 1466 4065 1415 4095 1273 4093 1235 4057 1170 4107 1012 4072 738 4108 602 4080 417 4105 272 4109 96 4077"/></Shape>
	    <String CONTENT="toutes les rivières de la région et sur le Haut"
                    HPOS="33"
                    VPOS="4036"
                    WIDTH="2049"
                    HEIGHT="170"></String>
          </TextLine>
          <TextLine ID="eSc_line_e253fc02"
                    TAGREFS="LT80"
                    BASELINE="72 4209 155 4252 273 4272 2098 4203" 
                    HPOS="40"
                    VPOS="4130"
                    WIDTH="2074"
                    HEIGHT="199">
            <Shape><Polygon POINTS="265 4326 351 4305 415 4329 472 4316 516 4316 594 4316 664 4293 746 4307 763 4307 803 4295 906 4299 1016 4278 1239 4295 1288 4275 1386 4311 1410 4282 1496 4261 1688 4269 1762 4258 1848 4248 2097 4252 2114 4212 2097 4157 1977 4130 1931 4147 1872 4164 1825 4162 1773 4149 1691 4175 1632 4178 1547 4145 1477 4181 1422 4174 1353 4168 1288 4174 1245 4189 1199 4201 1132 4181 1089 4189 1050 4202 997 4188 934 4185 900 4191 826 4185 735 4179 672 4191 615 4197 512 4216 432 4225 229 4206 82 4158 40 4219 88 4279"/></Shape>
	    <String CONTENT="Rhin jusqu&#x27;à la catastrophe des invasions nor¬"
                    HPOS="40"
                    VPOS="4130"
                    WIDTH="2074"
                    HEIGHT="199"></String>
          </TextLine>
          <TextLine ID="eSc_line_6c45f31b"
                    TAGREFS="LT80"
                    BASELINE="77 4329 201 4369 436 4380" 
                    HPOS="0"
                    VPOS="4302"
                    WIDTH="508"
                    HEIGHT="102">
            <Shape><Polygon POINTS="138 4367 193 4404 508 4404 361 4320 267 4328 0 4302"/></Shape>
	    <String CONTENT="mandes."
                    HPOS="0"
                    VPOS="4302"
                    WIDTH="508"
                    HEIGHT="102"></String>
          </TextLine>
          <TextLine ID="eSc_line_52f769e2"
                    TAGREFS="LT80"
                    BASELINE="85 4431 176 4477 306 4488 593 4482 873 4473 2101 4435" 
                    HPOS="54"
                    VPOS="4349"
                    WIDTH="2079"
                    HEIGHT="199">
            <Shape><Polygon POINTS="92 4499 298 4548 885 4543 1225 4494 1467 4501 1813 4476 1874 4503 1911 4488 2042 4486 2133 4440 2077 4385 1876 4385 1853 4366 1777 4368 1709 4379 1661 4392 1614 4379 1495 4364 1420 4383 1361 4379 1315 4381 1167 4369 1071 4428 995 4408 963 4396 906 4400 856 4416 790 4426 749 4389 691 4400 571 4407 431 4417 199 4407 124 4360 82 4349 54 4407"/></Shape>
	    <String CONTENT="Prou (Carol) cite des deniers de Dorestad, p.9-"
                    HPOS="54"
                    VPOS="4349"
                    WIDTH="2079"
                    HEIGHT="199"></String>
          </TextLine>
          <TextLine ID="eSc_line_0643850e"
                    TAGREFS="LT80"
                    BASELINE="78 4553 148 4579 222 4621 394 4623 706 4607 729 4606 1491 4565 2090 4554" 
                    HPOS="42"
                    VPOS="4486"
                    WIDTH="2064"
                    HEIGHT="171">
            <Shape><Polygon POINTS="218 4657 354 4657 942 4638 1149 4642 1186 4621 1317 4611 1380 4600 1463 4602 1633 4598 1687 4603 1713 4603 1768 4600 1800 4606 1846 4600 1861 4598 1916 4591 1941 4602 2017 4589 2097 4596 2106 4551 2083 4503 1914 4486 1850 4513 1709 4501 1307 4505 879 4547 304 4554 78 4517 42 4581"/></Shape>
	    <String CONTENT="12 extrêmemnt nombreux sous Charles, Louis,"
                    HPOS="42"
                    VPOS="4486"
                    WIDTH="2064"
                    HEIGHT="171"></String>
          </TextLine>
          <TextLine ID="eSc_line_e7fc1d4e"
                    TAGREFS="LT80"
                    BASELINE="94 4658 178 4701 319 4731 1572 4690 2112 4679" 
                    HPOS="59"
                    VPOS="4605"
                    WIDTH="2068"
                    HEIGHT="202">
            <Shape><Polygon POINTS="305 4783 466 4769 615 4771 654 4807 733 4767 742 4767 974 4741 1125 4758 1134 4758 1180 4741 1201 4737 1294 4750 1332 4745 1420 4746 1549 4748 1666 4714 1975 4733 2048 4759 2127 4715 2116 4631 1988 4608 1813 4615 1732 4606 1625 4609 1581 4619 1514 4611 1467 4605 1427 4613 1357 4628 1321 4625 1250 4634 1218 4628 1119 4655 887 4657 529 4649 470 4665 398 4660 345 4670 269 4662 194 4653 104 4618 59 4661 83 4703"/></Shape>
	    <String CONTENT="et Lothaire Ier, ds Maestricht, Visé, Dinant, Huy,"
                    HPOS="59"
                    VPOS="4605"
                    WIDTH="2068"
                    HEIGHT="202"></String>
          </TextLine>
          <TextLine ID="eSc_line_4ec0440a"
                    TAGREFS="LT80"
                    BASELINE="85 4761 167 4810 238 4836 348 4845 547 4838 832 4831 2072 4776" 
                    HPOS="54"
                    VPOS="4701"
                    WIDTH="2043"
                    HEIGHT="190">
            <Shape><Polygon POINTS="326 4885 379 4891 497 4889 505 4889 666 4859 792 4880 1211 4846 1348 4853 1404 4874 1511 4851 1568 4843 1602 4843 1918 4809 1969 4843 2042 4851 2097 4840 2085 4752 2036 4762 1966 4739 1896 4731 1762 4725 1686 4722 1566 4756 1469 4761 1378 4746 923 4763 805 4765 748 4778 700 4777 654 4808 610 4783 569 4781 537 4779 453 4778 298 4788 101 4701 54 4757 88 4822"/></Shape>
	    <String CONTENT="Namur, Verdun (très nombreux), Ardenbourg"
                    HPOS="54"
                    VPOS="4701"
                    WIDTH="2043"
                    HEIGHT="190"></String>
          </TextLine>
          <TextLine ID="eSc_line_6af33f1f"
                    TAGREFS="LT80"
                    BASELINE="93 4887 300 4941 776 4945 1156 4929 2081 4889 2165 4898 2205 4925" 
                    HPOS="82"
                    VPOS="4829"
                    WIDTH="2131"
                    HEIGHT="199">
            <Shape><Polygon POINTS="103 4844 82 4897 122 4969 528 5009 712 5028 910 4982 987 4983 1243 4977 1248 4977 1420 4939 1509 4950 1585 4955 1686 4963 1903 4929 2070 4933 2197 4946 2213 4878 2019 4859 1869 4829 1541 4849 1427 4879 1378 4859 763 4882 367 4903"/></Shape>
	    <String CONTENT="(28) Bruges, Gand, Cassel, Courtrai, Térouanne,"
                    HPOS="82"
                    VPOS="4829"
                    WIDTH="2131"
                    HEIGHT="199"></String>
          </TextLine>
        </TextBlock>
        <TextBlock HPOS="2129.0"
                   VPOS="1874.0"
                   WIDTH="1770.0"
                   HEIGHT="988.0"
                   ID="bdd9c5a6-4247-4f83-9e10-2178cd7875bd"
                   TAGREFS="BT140">
          <Shape><Polygon POINTS="3242 1874 3362 2108 3885 2148 3899 2247 3795 2633 3730 2611 3683 2631 3638 2648 3502 2633 3373 2652 3243 2656 3168 2663 3076 2672 3036 2810 2717 2862 2715 2862 2583 2836 2235 2843 2170 2833 2189 2699 2205 2591 2130 2526 2130 2524 2129 2337 2223 1877"/></Shape>
          <TextLine ID="eSc_line_717c997f"
                    TAGREFS="LT80"
                    BASELINE="2251 1973 3175 1947" 
                    HPOS="2225"
                    VPOS="1879"
                    WIDTH="960"
                    HEIGHT="173">
            <Shape><Polygon POINTS="2225 1988 2245 2046 2274 2038 2301 2034 2340 2017 2369 2015 2388 2021 2407 2037 2457 2023 2512 2015 2554 2016 2567 2018 2589 2022 2613 2052 2639 2039 2663 2015 2704 2012 2747 2014 2795 2010 2881 2008 2961 1996 3158 2006 3183 1960 3185 1879 2742 1890 2280 1892"/></Shape>
	    <String CONTENT="(Wijk bij Duurstede)"
                    HPOS="2225"
                    VPOS="1879"
                    WIDTH="960"
                    HEIGHT="173"></String>
          </TextLine>
          <TextLine ID="eSc_line_e70944b0"
                    TAGREFS="LT80"
                    BASELINE="2156 2318 3876 2242" 
                    HPOS="2146"
                    VPOS="2160"
                    WIDTH="1752"
                    HEIGHT="217">
            <Shape><Polygon POINTS="2186 2356 2388 2377 2431 2340 2603 2335 2685 2335 2802 2358 2900 2309 2934 2318 3018 2330 3056 2314 3095 2312 3158 2310 3214 2307 3267 2296 3354 2301 3461 2295 3528 2265 3594 2276 3692 2284 3756 2269 3837 2296 3898 2246 3843 2160 3681 2180 3335 2187 3263 2174 3172 2179 3052 2217 2951 2204 2841 2221 2765 2248 2701 2235 2525 2225 2353 2242 2196 2216 2165 2267 2146 2328"/></Shape>
	    <String CONTENT="Il est probable qu&#x27;au VIIIe s. ce commerce"
                    HPOS="2146"
                    VPOS="2160"
                    WIDTH="1752"
                    HEIGHT="217"></String>
          </TextLine>
          <TextLine ID="eSc_line_81a62718"
                    TAGREFS="LT80"
                    BASELINE="2131 2427 3824 2347" 
                    HPOS="2125"
                    VPOS="2265"
                    WIDTH="1731"
                    HEIGHT="192">
            <Shape><Polygon POINTS="2138 2457 2319 2448 2504 2457 2576 2457 2840 2425 3092 2426 3381 2398 3419 2406 3457 2419 3524 2406 3587 2383 3629 2436 3687 2406 3820 2385 3856 2347 3796 2307 3764 2276 3723 2288 3645 2294 3524 2265 3455 2301 3383 2309 3343 2312 3276 2305 3116 2305 2959 2318 2860 2335 2791 2371 2722 2348 2514 2341 2424 2349 2395 2395 2367 2394 2306 2360 2194 2370 2125 2397"/></Shape>
	    <String CONTENT="s etendait à la Scandinavie &lt;.&gt;ogel."
                    HPOS="2125"
                    VPOS="2265"
                    WIDTH="1731"
                    HEIGHT="192"></String>
          </TextLine>
          <TextLine ID="eSc_line_c3153f60"
                    TAGREFS="LT80"
                    BASELINE="2155 2511 2268 2521 2578 2506 2675 2518 2802 2498 2892 2489 3042 2501" 
                    HPOS="2137"
                    VPOS="2425"
                    WIDTH="915"
                    HEIGHT="147">
            <Shape><Polygon POINTS="2624 2572 3052 2545 3033 2425 2542 2466 2186 2457 2137 2505 2147 2558"/></Shape>
	    <String CONTENT="Normanne, p.44 sqq."
                    HPOS="2137"
                    VPOS="2425"
                    WIDTH="915"
                    HEIGHT="147"></String>
          </TextLine>
          <TextLine ID="eSc_line_0cf6a6d6"
                    TAGREFS="LT80"
                    BASELINE="2208 2702 2354 2691 2497 2681 2545 2663 2964 2653 3045 2653 3111 2627 3420 2613 3528 2587 3787 2597" 
                    HPOS="2184"
                    VPOS="2499"
                    WIDTH="1622"
                    HEIGHT="237">
            <Shape><Polygon POINTS="2192 2726 2357 2727 2455 2736 2580 2706 2976 2689 3112 2679 3235 2665 3317 2653 3400 2642 3485 2641 3590 2629 3641 2646 3693 2621 3790 2628 3806 2577 3748 2499 3668 2533 3571 2512 3554 2512 3309 2533 3271 2558 3175 2564 3129 2562 3083 2584 3029 2593 2928 2592 2698 2596 2645 2610 2575 2608 2525 2607 2344 2617 2323 2613 2300 2618 2263 2624 2207 2644 2184 2684"/></Shape>
	    <String CONTENT="Sur le commerce de Dorestad Vogel,"
                    HPOS="2184"
                    VPOS="2499"
                    WIDTH="1622"
                    HEIGHT="237"></String>
          </TextLine>
          <TextLine ID="eSc_line_95350f09"
                    TAGREFS="LT80"
                    BASELINE="2190 2799 2991 2781" 
                    HPOS="2170"
                    VPOS="2702"
                    WIDTH="838"
                    HEIGHT="153">
            <Shape><Polygon POINTS="2174 2838 2320 2830 2431 2824 2644 2832 2704 2855 2766 2840 2871 2819 2972 2813 3008 2792 2984 2719 2946 2702 2697 2735 2465 2763 2291 2749 2250 2747 2226 2741 2188 2751 2170 2794"/></Shape>
	    <String CONTENT="Normanne, p.68."
                    HPOS="2170"
                    VPOS="2702"
                    WIDTH="838"
                    HEIGHT="153"></String>
          </TextLine>
        </TextBlock>
        <TextBlock HPOS="3386.0"
                   VPOS="36.0"
                   WIDTH="547.0"
                   HEIGHT="297.0"
                   ID="e789d382-f33b-47be-a300-bebd35f98a9c"
                   TAGREFS="BT141">
          <Shape><Polygon POINTS="3933 36 3933 333 3386 333 3386 36"/></Shape>
          <TextLine ID="eSc_line_269ba4d9"
                    TAGREFS="LT80"
                    BASELINE="3482 218 3871 194" 
                    HPOS="3457"
                    VPOS="74"
                    WIDTH="436"
                    HEIGHT="246">
            <Shape><Polygon POINTS="3457 282 3548 318 3659 320 3664 320 3668 320 3718 290 3778 290 3841 290 3884 250 3893 121 3773 83 3724 81 3695 87 3636 74 3548 87 3477 178 3461 236"/></Shape>
	    <String CONTENT="211"
                    HPOS="3457"
                    VPOS="74"
                    WIDTH="436"
                    HEIGHT="246"></String>
          </TextLine>
        </TextBlock>
      </PrintSpace>
    </Page>
  </Layout>
</alto>
