3978 5058
3334 92 551 321 180

67 37 1978 171 puissance. Et voilà que brusquement les

78 163 2009 141 Vainqueurs des Perses recule devant l'Islam.

73 260 2027 161 D'ailleurs cette grande catastrophe de l'Eglise

86 369 2036 134 Chrétienne n'en fut pas une pour le pape. Elle

89 490 1988 100 le laissait en face du seul patriarche de Cons¬

78 565 1981 124 tantinople. Mais elle eut aussi indirecte¬

86 653 2005 135 ment pour résultat de faire surgir l'hérésie

32 738 2073 172 Car Heraclius après avoir reconquis sur les Per¬

68 827 2003 163 ses la Syrie, la Palestine et l'Egypte où domi¬

68 922 2006 136 naient les monophysites avait aspiré a rame¬

91 1001 1989 152 ner l'unité  -comme jadis Justinien- par des

2 1099 2116 177 concessions dans le domaine dogmatique. Il

54 1205 2015 156 semble que ce fût possible si les orthodoxes re¬

81 1297 1994 159 connaissaient que pour avoir deux substances

72 1383 2168 158 Trans. Christ n'avait qu'une volonté, θελημα,

90 1489 1997 123 donc adoptaient une doctrine à qui on a

68 1578 2018 141 donné le nom de Monothélisme. Alors l'Empe¬

59 1682 1982 121 reur crut le moment venu d'imposer cette

73 1770 2007 153 doctrine, ce qu'il fit par la publication de

89 1866 2058 161 l'Ecthesis (exposition de foi) qui parut en 638.

135 2016 1885 114 Cette manifestation venait trop tard

85 2115 2042 154 puisqu'à cette époque l Syrie était déjà ca¬

65 2202 2033 147 <...> par l'Islam. Elle eut en revanche le ré¬

60 2297 2041 158 sultat de tendre de nouveau les relations av

65 2385 2025 189 Rome où le pape Honorius déclara hérétique

64 2503 1983 173 la doctrine monothelite (Vassil. I, 294).

98 2615 1948 168 cependant, quoique l'Egypte elle même eût

71 2722 1994 170 suivi la Syrie dans l'Islam, le gouvernmt de

76 2798 2025 185 Constantinople n'abandonna pas le monothé¬

90 2917 1952 186 lisme. Constant II, en 648 publia le Type

73 3036 1972 156 (Type de foi) qui interdisait toute querelle

82 3135 2012 172 sur la question de une on deux volontés. Mais

11 3202 2076 178 cela ne suffit pas. Au synode du Latran, Martin

80 3311 1953 185 V condamnait à la fois l Ecthesis et le Type et

65 3428 1493 124 les declarait entachés d'hérésie.

109 3498 1929 166 Trrité par l'attitude du pape, Constant II or¬

76 3633 1871 135 donna à l'exarque de Ravenne d’arrêter

76 3701 1898 151 Martin et de l'envoyer à Constantinople. Il

32 3822 2177 123 fut convaincu d'avoir essayé de provoquer

78 3889 1970 147 un soulèvement contre l'Empereur dans les

102 4013 1960 131 provinces occidentales. On l emprisonna après

95 4107 1914 139 de terribles humiliations puis il fut en¬

81 4181 1935 167 voyé en exil à Cherson au Sud d la Crimée

69 4288 2043 202 où il mourut (Sept. 655). La paix fut rétablie

60 4393 1959 218 sous Vitalien et finalement Constantin IV

77 4494 2046 206 (668-685) convoqua le 6e concile oecumé¬

61 4596 1960 202 nique à Constantinople en 680 qui condamna

60 4683 1902 197 le monothélisme et reconnaissait le pape

54 4799 1939 227 comme "chef du premier siège de l'Eglise uni¬

2061 3486 295 161 Irrité

2216 3949 1697 187 La victoire de Constantin IV sur les arabes

2211 4060 1675 191 qui degage Constantinople, Voy. p.181, fut

2190 4177 1665 158 s. d. le point de départ de l'abandon du

2159 4277 1643 169 monothélisme et le retour à Rome.
