4090 5056
3305.0 0.0 404.0 273.0 35

54.0 37.0 2054.0 198.0 Sans doute l Etat franc est le seul qui ait

42.0 193.0 2137.0 156.0 conservé une population purement germanique

42.0 294.0 2095.0 152.0 au Nord. Mais durant la période Mérov.

50.0 400.0 2058.0 177.0 elle ne joue aucun rôle. A peine la con¬

59.0 514.0 2032.0 193.0 quête entamée, les rois s'installent au

54.0 598.0 2083.0 219.0 Sud, en pays roman, à Paris, à Soissons, à

54.0 720.0 2083.0 173.0 Orléans et dans leur banlieues. Et s'Ils ne

54.0 830.0 1995.0 198.0 vont pas plus au Sud, c'est sans doute

59.0 973.0 2099.0 189.0 pour pouvoir mieux résister à la Germa¬

75.0 1082.0 1948.0 194.0 nie, vis à vis de laquelle ils adoptent

71.0 1213.0 1999.0 185.0 l attitude défensive des Empereurs ro¬

75.0 1398.0 409.0 110.0 mains.

88.0 1432.0 2003.0 215.0 531. Thierry avec l'aide des saxons détruit

71.0 1584.0 1312.0 185.0 les Thüringiens (Richter, 48)

80.0 1664.0 2095.0 244.0 555. Clotaire fait une exped. en Saxe et Thuringe

71.0 1782.0 2075.0 227.0 La Bavière soumise aux Francs (Richter, 61)

71.0 1896.0 2020.0 240.0 556 Nouvelle exped. contre les saxons (63)

59.0 2039.0 1614.0 240.0 603 combats avec les Saxons (p.102).

63.0 2127.0 2083.0 291.0 630- 31 Exped. de Dagobert contre Samo (p.160)

88.0 2334.0 2028.0 215.0 640 Revolte s d Thuringe qui redevient indépen¬

75.0 2519.0 603.0 156.0 dante (p.165)

96.0 2574.0 1830.0 227.0 689 Exped. de Pepin contre les Frisons (177)

118.0 2692.0 2015.0 236.0 De ces pays germaniques n'est venue durant

92.0 2797.0 2045.0 223.0 la periode merov. aucune influence. L Etat

84.0 2911.0 2015.0 227.0 franc juqu'à sa soumission aux Carolingiens

84.0 3042.0 1998.0 189.0 est essentiellement Neustrien et roman

92.0 3130.0 2049.0 211.0 depuis le bassin de la Seine jusqu'aux Pyré¬

88.0 3235.0 2049.0 211.0 nées et à la mer. Les Francs qui se sont eta¬

84.0 3366.0 1948.0 185.0 blis là sont infimement peu nombreux.

198.0 3480.0 1994.0 231.0 Nous n'avons de renseignements sur les ins¬

84.0 3610.0 2062.0 190.0 titutions merovingiennes qu'après l epoque de

92.0 3720.0 2007.0 202.0 la conquête des terres wisigothiques et bourgui¬

88.0 3817.0 2134.0 223.0 gnonnes. Il est certain que l'Etat de choses trouvé

101.0 3935.0 2040.0 210.0 là, peut etre aussi chez Syagrius aura exercé

96.0 4040.0 2126.0 211.0 son influence. Une grande différence pourtant

109.0 4166.0 2058.0 220.0 c est qu il n'y a pas d'hospitalitas et par conséq.

101.0 4280.0 2066.0 219.0 pas non plus de défense de Connubium Et de

101.0 4390.0 2011.0 215.0 pl les Francs sont catholiques. La fusion a

109.0 4558.0 1421.0 139.0 donc tout ici pour réussir.

139.0 4634.0 2036.0 198.0 Et pourtant il est vrai que la romanisation

113.0 4740.0 2058.0 193.0 est moins grande, mais tout simplement

2435.0 0.0 1181.0 192.0 Quand un roi d'Austrasie

2365.0 29.0 1113.0 228.0 devient roi de tout, il se hâte

2281.0 105.0 1121.0 244.0 d'aller s'établir à Paris. Lot,

2222.0 240.0 619.0 193.0 Invasions, p.208.

2182.0 577.0 638.0 156.0 à Metz, Reims

2652.0 198.0 1298.0 244.0 Les remarques archeolog. d'Aberg

2546.0 320.0 1269.0 194.0 C. la philologie de Gamillscheg.

2871.0 383.0 1012.0 190.0 Romania Germanica

2879.0 450.0 1059.0 236.0 I, 294 prouvent que de¬

2913.0 551.0 1016.0 211.0 puis le milieu du VIe s. les

2601.0 627.0 1282.0 224.0 Francs de Gaule n'ont pl de rap¬

2588.0 749.0 1211.0 207.0 ports avec la Germanie.

2125.0 985.0 1762.0 241.0 Pour Buchner Prov p. 2n.5 Clovis dif¬

2112.0 1103.0 1784.0 249.0 fere des autres rois germains purement

2095.0 1209.0 1860.0 231.0 mediterranéens pcqu il vise à la fois la mer

2116.0 1322.0 1813.0 190.0 et la Germanie. Il ne voit pas que de ce

2251.0 1403.0 1691.0 214.0 côté son attitude est purement dé¬

2255.0 1508.0 1683.0 223.0 fensive et surtout celle de ses suc¬

2222.0 1685.0 434.0 118.0 cesseurs.

2150.0 1706.0 1058.0 236.0 (C. 555 Voy. Lot, Glotz p.207)

2352.0 2586.0 1628.0 262.0 Les agents du roi s'appellent judices

2310.0 2742.0 1430.0 224.0 comme dans l'Empire Romain.
