3960 5049
3371 44 395 135 131

65 28 1891 198 de 812 avec El Hakem l Espagnol n'a pas

64 141 1900 155 fait grand chose. Il est visible que Charles

75 224 1900 157 est ici sur la défensive et pare péniblement

70 331 999 162 les coups qu'il reçoit.

92 394 1869 191 Ce sera pire après lui. En 828 cependant,

70 513 1886 160 Boniface de Toscane à qui est confiée la

81 617 1877 153 protection de la Corse va en Corse et en Sar¬

73 698 1930 172 daigne avec une petite flotte et va insulter

75 791 1883 169 la côte africaine entre Utique et Carthage

58 883 1898 186 (Richter II 260). Avec quels bateaux ? Je sup¬

61 978 1903 182 pose qu'il profite de ce que les Africains sont à ce

59 1068 1885 170 moment là occupés en < Syrie > Sicile. Il y a eu une

115 1165 1303 106 expd av Byzance, Richter lI 258-260.

75 1161 1986 194 Mais quelques années plus tard, l'Italie au Nord

67 1279 1967 165 des villes byzantines du Sud n'est plus pour eux

61 1369 1906 179 qu'une proie. En 846 ils attaquent Ostie

70 1472 1992 152 et Porto avec 70 navires, s avancent en ra¬

58 1570 1889 172 vageant tout jusqu'aux murs de Rome et

44 1660 1976 177 profanent l'Eglise de S. Pierre. La garnison

58 1762 1943 179 de Gregoriopolis n'a pu les arrêter. Ils sont fina¬

47 1783 3817 237 lement repoussés par Gui de Spolète. L expedit d Lothaire en 847 l'an. suiv. ne parvient pas à

2357 1906 699 122 reprendre Bari.

75 1955 1945 227 En 849, à l'instigation du pape, Amalfi,

56 2044 1989 205 Gaëte et Naples constituent une ligue contre

64 2148 2021 196 les Sarrasins et réunissent à Ostie une flotte

56 2261 1942 201 que le pape vient bénir (Leon IV). Elle rem¬

56 2373 1900 216 porte une grande victoire navale sur les

57 2471 1955 174 Sarrasins. En m temps de 848-852 le pape

47 2559 1968 189 entoure d'un mur le bourg du Vatican et

52 2720 1182 127 en fait la Civitas Leonina.

43 2723 1966 241 En 852 le pape établit à Porto qu'il fortifie des

31 2844 1975 221 Corses fuyant l'île, mais cette ville neuve ne

50 2929 1990 218 prospère pas. Il crée aussi Leopoli pour rempla¬

22 3049 2021 171 cer Centum cellae ou Civita Vecchia vidée parµ

33 3144 2018 225 terreur des Sarrasins. De même il restaure

26 3257 1949 179 Orta et Ameria en Toscane pour fournir,

44 3349 1923 194 lors de leurs raids, un refuge aux habitants.

69 3472 2067 194 Ce qui n'empêche que ceux-ci en 876 et 877

39 3576 1925 207 ravagent la campagne romaine. Les villes

39 3660 2068 218 jadis ses alliées sont maintenant dans de bons

28 3765 1975 170 rapports avec les Musulmans. Il implore

40 3837 2059 198 vainement l'empereur de Byzance. Finalmnt

50 3928 2015 226 il est forcé de payer annuellemnt aux Maures

44 4036 2100 203 25000 Mancusi d'argent. On n'a à faire d'ail¬

44 4159 1975 216 leurs qu'à de simples bandes de pirates qui

14 4277 1961 183 ne se proposent que la pillage. En 890 ils as¬

14 4372 2043 173 siegent l'abbaye de Farfa qui résiste pendant

16 4476 2196 160 7 ans. Ils detruisent Subiaco, la Vallée de l'Anio,

27 4578 1976 205 Tivoli. Ils ont non loin de Rome une place

28 4679 2051 167 d'armes à Saracinesco et ds les Monts Sabins

34 4782 2034 159 à Ciciliano. La Campagne romaine devient

2197 151 1603 168 Hartm. III 179 observe que c'est la seule ex¬

2144 249 1389 169 ped. d Outre mer tentée p les Francs.

2283 507 1365 202 849 Pillage de la Provence Hartm. III 224

2221 718 1562 200 890 Pillage de la Provence Capit II 377.

2879 1005 250 93 en 840

2211 1026 1692 204 La prise de Bari qui prend à revers les villes de

2165 1123 1748 165 la côte Occid est terrible et fait craindre annexion

2155 1210 1408 144 c Lothaire de dit un 846 ( Boret. II 67).

2099 1304 1756 155 846 Ils détruisent le monastère de S.

2183 1427 954 121 Benoît a Subiaco.

2696 1489 1171 183 En 838 ils ont ravagé Brindisi en

2694 1573 1114 176 840 Tarente et battu la flotte de

2337 1637 1501 189 Byz et Venise. En 841 ravagent Ancône et le

2780 1713 1042 134 côte Dalmate jusqu'à Cattaro.

2094 2126 600 155 Jaffé p. 330.

2128 2330 1652 144 Lothaire en 846 a ordonné pr ce mur une

2099 2426 1549 146 Souscript. de tt l'Empire, Boret. II 66.

2064 2661 1589 215 Jaffé 617  "propter timorem Saras.".

2102 2835 777 132 Hartm. III 213 sqq.

2124 2956 1489 206 872 Pillage des côtes ital. Jaffé I 377

2214 3503 516 141 Gay, 118-120.

2248 3719 1630 208 En 883 Mt. Cassin incendié et détruit

2665 3876 474 171 (Gay, 130)
