4042 5032
3571.0 161.0 231.0 283.0 8

92.0 111.0 1894.0 112.0 d'armement entre entre lui et les barbares

64.0 223.0 1941.0 149.0 n etait pas ce qu'elle est aujourd'hui, mais

55.0 336.0 1978.0 114.0 tout de même supériorité était écla¬

50.0 447.0 2056.0 139.0 tante contre des gens sans intendance, sans

55.0 555.0 895.0 121.0 discipline apprise.

62.0 654.0 2072.0 130.0 Il avait contre lui les troubles civils, les u¬

54.0 775.0 2015.0 136.0 surpateurs nombreux qui n'hésitaient pas à

50.0 883.0 2017.0 125.0 s entendre avec les barbares, les intrigues de

55.0 997.0 2020.0 156.0 cour qui à un Stilicon opposaient un Rufin, la

55.0 1105.0 2073.0 130.0 pauvreté des populations incapables de résis¬

44.0 1204.0 2062.0 123.0 tance, sans esprit civique méprisant les bar¬

3.0 1287.0 2112.0 147.0 bares mais prêtes à en subir le joug. Il n'y avait

54.0 1383.0 2015.0 151.0 donc pas l'appoint pour la défense de la résis¬

47.0 1517.0 2036.0 141.0 tance morale - ni chez les Troupes, ni à l'ar¬

41.0 1642.0 286.0 99.0 rière.

83.0 1713.0 2000.0 161.0 Mais heureusement il n'y avait pas non

47.0 1836.0 2062.0 153.0 plus de forces morales du côté de l'attaque.

41.0 1954.0 2076.0 156.0 Rien n'animait les Germains contre l'Empire.

39.0 2056.0 2084.0 165.0 Ni motif religieux, ni haine de race, ni moins

33.0 2188.0 2050.0 126.0 encore considérations politiques. Au lieu de

25.0 2290.0 2056.0 142.0 le haïr ils l'admiraient. Tout ce qu'ils vou¬

39.0 2387.0 2036.0 165.0 laient c'était s'y établir et en jouir. Rien de

39.0 2490.0 2148.0 167.0 semblable au contraste que devaient présenter

41.0 2608.0 1990.0 155.0 plus tard Musulmans et chrétiens. Leur

44.0 2704.0 2093.0 171.0 paganisme ne les excitait pas contre les Dieux

39.0 2820.0 2022.0 134.0 romains el il ne devait pas les exciter da¬

39.0 2921.0 2002.0 173.0 vantage contres le Dieu unique. Dès le milieu

44.0 3027.0 2034.0 180.0 du IVe s. un Goth Ulfila converti à Byzance

47.0 3125.0 1997.0 179.0 à l'arianisme l'avait transporté chez ses

15.0 3233.0 2129.0 211.0 compatriotes du Dnieper qui l'avaient eux même

33.0 3354.0 2057.0 200.0 introduits chez d'autres Germains, Vandales et

36.0 3474.0 2061.0 212.0 Burgondes. Ils étaient hérétiques sans le savoir

36.0 3617.0 2103.0 134.0 et devaient longtemps le rester comme on œuvre

44.0 3751.0 834.0 120.0 à le renier plus tard

47.0 3811.0 2006.0 218.0 Ces germains orientaux que leur religion rap¬

41.0 3930.0 1986.0 176.0 prochait des Romains n'étaient pas d'autre

41.0 4047.0 1995.0 157.0 part sans initiation à la Civilisation. Des¬

39.0 4162.0 1944.0 157.0 cendus au bord de l mer noire, les Goths y

36.0 4293.0 1989.0 110.0 avaient eu le Contact de cette civilisation

41.0 4380.0 2012.0 180.0 gréco-orientale, Grecs et Sarmates de Crimée,

55.0 4506.0 1992.0 155.0 appris un art ornemental consistant en une

44.0 4604.0 2132.0 188.0 orfèvrerie chatoyante qu ils devaient répandre

41.0 4718.0 1967.0 139.0 en Europe sous le nom d'Ars barbaricia,

44.0 4824.0 2163.0 182.0 et qui n'est pas un art germanique mais oriental.

986.0 458.0 2935.0 198.0 Les barbares avaient sans doute la superiorité du nombre, mais

2234.0 542.0 1645.0 148.0 ils ne savaient pas se ravitailler. Voy.

2167.0 661.0 1792.0 119.0 Les Wisigoths mourant de faim en Aqui-

2212.0 759.0 1647.0 112.0 taine après avoir vécu sur le pays,

2198.0 831.0 734.0 97.0 et Alaric en Italie !

2111.0 995.0 1315.0 145.0 Revolte en Espagne en 496-497.

2140.0 1182.0 1775.0 186.0 Le défavorisait encore l'obligation d'avant

2102.0 1327.0 1832.0 165.0 des armées sur toutes les frontières, Afrique

2139.0 1414.0 1715.0 162.0 Asie pendant qu il devait faire front en

2156.0 1565.0 378.0 112.0 Europe.

2102.0 2180.0 1742.0 222.0 Les rois friands de dignités romaines.

2124.0 3289.0 659.0 174.0 Halphen p.74.
