4090 5056
3658.0 146.0 239.0 304.0 49

109.0 103.0 2000.0 118.0 Troupes insuffisantes et conseille d'appeler les

95.0 207.0 2082.0 116.0 Francs à l'aide et de corrompre par l'or les ducs

84.0 314.0 500.0 98.0 Lombards.

115.0 384.0 2056.0 144.0 Les Lombards par stupidité attaquent de nou¬

95.0 483.0 2087.0 185.0 veau la Gaule en 574. Ils sont défaits (Hartmann

92.0 564.0 2028.0 183.0 II. 58 sq) Cependant on aboutit à une paix avec

95.0 665.0 2009.0 174.0 Gontran de Bourgogne et son allié Childebert II

106.0 778.0 2003.0 157.0 d'Austrasie. Mais l'empereur appuyé par le

109.0 862.0 2082.0 185.0 pape cherchent à parer au péril qui est grand.

109.0 969.0 2034.0 162.0 Ile entrent en relations avec Chilpéric de Neus¬

103.0 1050.0 2000.0 209.0 trie qui en 581 détache Childebert de Gontran.

98.0 1143.0 2078.0 191.0 En même temps le prétendant Gundovald qui

98.0 1244.0 2016.0 194.0 vit à Constantinople est envoyé bien argenté

112.0 1387.0 1963.0 206.0 en Gaule pour disputer le trône à Gontran.

106.0 1497.0 2096.0 179.0 Cependant le duc Grasulf de Frioul gagné à prix

106.0 1581.0 2016.0 185.0 d'or se met en rapports avec Childebert Enfin

112.0 1690.0 2069.0 177.0 en 583 l'empereur Maurice donne à celui-ci

117.0 1775.0 2057.0 205.0 50 000 sous d'or Childebert descend en Italie

112.0 1890.0 2098.0 211.0 et revient. A ce moment pourtant

112.0 2016.0 2034.0 174.0 beaucoup de ducs sont gagnés à Byzance

123.0 2117.0 2017.0 207.0 C'est alors que sans doute pour parer au péril

109.0 2238.0 2011.0 177.0 Byzance - francs les ducs non achetés recons¬

103.0 2339.0 2093.0 182.0 tituent la royauté en faveur d'Authari qui, sans

106.0 2488.0 1419.0 121.0 la flotte aurait repris Ravenne.

115.0 2544.0 1994.0 191.0 En 588-89 Childebert et sa mère Brunehaut

109.0 2665.0 2009.0 186.0 envoyent des ambassadeurs à Constanti¬

103.0 2783.0 2093.0 166.0 nople pour arranger avec l'empereur une guerre

98.0 2893.0 2067.0 149.0 contre les Lombards. En 590 il envoye en Lom¬

98.0 2999.0 2129.0 171.0 bardie une grande armée sous 22 ducs. L exar¬

101.0 3115.0 2081.0 165.0 que de Ravenne marche de son côté. Authari

104.0 3213.0 2050.0 165.0 se réfugie dans Pavie. Le royaume lombard

101.0 3336.0 2118.0 152.0 à un doigt de sa perte est sauvé par le manque

98.0 3440.0 2034.0 146.0 d'entente entre ses ennemis. Car à ce moment

109.0 3542.0 2048.0 174.0 la guerre contre les Perses vient de finir et l'exar¬

82.0 3654.0 2083.0 177.0 que a repris l'offensive et repris Actium, Modène

84.0 3792.0 1202.0 179.0 Mantoue (Hartman II 72)

89.0 3909.0 2065.0 144.0 On suppose encore possible à ce moment le re¬

98.0 4025.0 1963.0 143.0 tour complet de l'Italie à l'Empire, puisque

62.0 4134.0 2100.0 149.0 en 590 le patriarche d'Aquilée propose de remet¬

70.0 4241.0 2078.0 143.0 tre à ce moment là la décision sur les diffi¬

75.0 4367.0 2107.0 152.0 cultés entre lui et Rome à propos des trois cha¬

95.0 4480.0 1161.0 153.0 pitres (Hartmann II, 89).

106.0 4581.0 2073.0 137.0 A partir de ce moment là s'ouvre une période

92.0 4676.0 1981.0 160.0 de grands succès pour les Lombards, favorisée

84.0 4771.0 2104.0 185.0 par la reprise de la guerre des Perses et l'invasion

2183.0 1050.0 1744.0 241.0 Voy. Gasquet. L'Empire byzantin et la

2161.0 1169.0 1625.0 184.0 monarchie franque, p.183 et suiv.

2179.0 1429.0 1804.0 247.0 ou plutôt comme le dit Gasquet, p.198, car il n'a que

2278.0 1491.0 1716.0 273.0 15 ans avec sa mère Brunehaut. De plus il le

2250.0 1612.0 1311.0 230.0 reconnait comme son fils. Ibid.

2366.0 1865.0 1532.0 200.0 après avoir fait, à prix d'argent, la paix

2348.0 2019.0 638.0 130.0 av les Lombards

2185.0 2325.0 1674.0 267.0 En 587 déjà il y a une ambassade de

2455.0 2449.0 1519.0 225.0 Gontran à Maurice, Gasquet, p. 193.
