3960 5049
3473 87 381 223 117

130 1 1997 195 La politique méditerranéenne d Justinien, car elle

130 122 1949 147 est cela puisqu'il lui sacrifie ses luttes contre

119 208 2045 156 les Perses et les Slaves, correspond à l'esprit mé¬

126 300 1990 174 diterranéen de toute la civilisation européenne

129 400 1930 152 du Ve au VIIIe siècle. C'est au bord de ce mare

114 493 1996 168 nostrum que l'on rencontre toutes les mani¬

112 582 2040 172 festations spécifiques de la vie de l'époque. C est,

124 692 1992 160 comme sous l'Empire, vers elle que gravite le

117 773 1959 193 commerce ; c'est là qu'écrivent les derniers

119 877 1929 179 représentants de la littérature antique, un

119 978 1991 196 Boèce, un Cassiodore ; là que nait avec un Cé¬

117 1078 1962 199 saire d'Arles, un Grégoire le grand la nouvelle

130 1175 1991 215 littérature de l'Eglise, là qu'avec un Isidore

116 1280 2016 181 de Séville, se fait l'inventaire de la civilisation

112 1376 2018 213 dans lequel le Moyen-Age connaîtra l'Antiqui¬

106 1464 1970 228 té ; C'est là qu'à Lerins, au mont. Cassin le

121 1599 1995 168 monachisme venu d'Orient s'acclimate au

121 1689 1947 195 milieu occidental ; c'est de là que partent

115 1794 2020 202 les missionnaires qui convertiront l Angle¬

136 1905 1963 198 terre ; c'est là que se dressent les monuments

132 2011 1995 184 caracteristiques de cet art hellenistico-orien¬

118 2086 1970 170 tal qui semble destiné à rester celui de

137 2203 1945 167 l'Occident comme il est resté celui de l'O¬

137 2316 255 130 rient.

144 2425 1946 155 Aucun indice au VIIe siècle n'annonce encore

133 2520 1980 164 la fin de la communauté de civilisation éta¬

130 2612 1963 179 blie par l'Empire Romain des colonnes d'Her¬

1535 2714 260 66 Egypte

126 2713 1962 195 cule à la mer Egée et des côtes d <......> et d'Afri¬

130 2828 1949 174 que à celles d Italie, d Gaule et d Espagne. Le

118 2924 1961 157 monde nouveau n'a pas perdu le caractère

137 3017 1937 172 mediterranéen du monde antique. Aux bords

119 3122 1991 173 de la Mediterranée se concentre et s'alimente

128 3230 1474 196 tout ce qu'il possède d'activité.

123 3329 1962 219 Rien n'annonce que l'évolution millénaire

129 3449 2009 184 doive être brusquement interrompue. Per¬

125 3563 2069 206 sonne ne s'attend à une catastrophe. Si les suc¬

110 3656 2076 199 cesseurs immédiats de Justinien ne peuvent con¬

114 3749 2013 206 tinuer son œuvre, ils n'y ont pas renoncé. Ils

133 3863 1994 169 refusent de faire aucune concession aux Lom¬

136 3961 1980 181 bards ; ils fortifient fébrilement l'Afrique, ils

115 4063 1967 164 y établissent leurs thèmes comme en Italie ;

132 4169 1939 195 leur politiques s etend aux Francs comme aux

125 4263 1985 182 Wisigoths, leur flotte a la maîtrise de la mer,

127 4382 1949 196 le pape de Rome voit en eux leur souverain

109 4480 2023 187 Le plus grand esprit de l'Occident, Grégoire le Grand

108 4594 2027 164 (pape 590-604) salue l'empereur comme régnant

106 4707 2025 193 seul sur des hommes libres tandis que les rois d'Oc¬

133 4810 1952 190 cident ne règnent que sur des esclaves. Il écrit
