4090 5056
3673 96 281 169 54

115 56 1986 154 étaient partagés. Pour les paysans on ne

109 188 2101 121 dut pas s'apercevoir d'un grand change¬

106 311 1972 117 ment. On ne remarque dans aucune

98 412 2123 160 des contrées de la Romania la substitution

92 535 2056 135 si visible en Angleterre d'un système de

95 634 1115 121 culture à un autre.

117 729 2085 158 Quant aux domaines impériaux qui pas¬

116 819 2097 178 sèrent au fisc royal, pas non plus le moindre

98 957 682 142 changement.

106 1030 1997 172 La grande propriété gallo ou hispano ou italo

115 1161 1988 133 romaine subsiste aussi Il continue à y

106 1280 2110 130 avoir d'immenses propriétés. On en connait

109 1399 2028 117 qui ont 1200 esclaves. Les grds propriétaires

101 1508 2118 115 conservent leurs villas, leurs chateaux forts.

148 1620 2051 141 Quant aux terres d'Eglise déjà si importantes

120 1730 2020 152 à l'époque romaine elles subsistent elle

120 1842 1975 140 aussi sans changement. On ne voit pas

126 1969 1972 123 que l'Arianisme ont ici bouleversé la si¬

126 2109 1093 104 tuation antérieure.

126 2202 2067 177 Même chez les Vandales il y a en simple subs¬

123 2328 2054 177 titution des nouveaux venus aux anciens

112 2439 2000 131 propriétaires. On voit les Vandales vivant

109 2561 2186 137 dans les villas romaines, chassant etc c avant

112 2688 809 134 eux les Romains.

137 2775 2028 154 Albertini a montré que le régime des terres

110 2911 2052 136 les prestations d huile etc. n'ont pas bougé

121 3037 1612 148 en Afrique durant la conquête.

106 3139 1978 184 S il y a eu des changements de régime, des

104 3266 2036 152 usages communautaires, c'est seulement

117 3382 1854 151 dans les pays de colonisation au Nord.

132 3503 1994 117 Ainsi tout subsiste sur le même pied. Les

123 3609 2031 160 impôts fonciers qui se conservent attestent

109 3699 2014 186 d'ailleurs que aucun bouleversement n'a

120 3817 376 127 eu lieu.

154 3939 1997 180 Quant à l'organisation de la grande pro¬

132 4054 1943 159 priété, elle subsiste telle quelle. Elle est

137 4155 2003 177 confié à des conductores qui la prennent à

129 4270 1989 197 ferme et <....> perçoivent les redevances

121 4371 511 134 des colons.

150 4468 1948 187 D'autre part, tout le système des tenures

140 4608 1980 153 romaines subsiste aussi. Partout il y a

154 4744 2006 132 praecaria et benficium. Les formules nous
