3978 5058
3441.0 71.0 401.0 249.0 186

54.0 8.0 2048.0 156.0 évidemment surtout politiques la mission

43.0 120.0 2061.0 153.0 devant favoriser la penétration franque

38.0 209.0 2040.0 181.0 chez les Frisons. En 696 Willibrord de nouveau à

47.0 298.0 2020.0 183.0 Rome y reçoit le nom de Clément, le pallium

49.0 404.0 2075.0 152.0 et s'installe comme évêque à Utrecht. Le pape

61.0 492.0 2081.0 189.0 Serge l'a consacré le 22 Nov 696 Fresonum ar¬

55.0 599.0 1247.0 146.0 chiepiscopum (Jaffé p.244).

47.0 664.0 2106.0 205.0 15 Mai 719 Grégoire II donne mandat à Rome

82.0 746.0 1960.0 200.0 Bonifatio (Wynfrith) religioso presbytero ut

68.0 868.0 1956.0 175.0 ad genus cumque gentes infidelitatis errore

64.0 951.0 2085.0 149.0 detentas predicationem transfundat. Et il lui

46.0 1039.0 2114.0 148.0 ordonne, ce faisant d'observer la discipline

58.0 1119.0 2106.0 143.0 sanctae sedis nostrae apostolicae. C'est

43.0 1204.0 2179.0 182.0 alors qu'il reçut le nom de Boniface à cause

63.0 1289.0 2029.0 157.0 du patron du jour (Schubert, 301). Il est pro¬

55.0 1394.0 2112.0 131.0 tégé par Charles Martel pendant son apostolat

43.0 1464.0 2117.0 172.0 en Frise aux côtés de Willibrord. En 722 Boniface

4.0 1572.0 2092.0 167.0 revient à Rome. Gregoire II, le 30 novembre

54.0 1667.0 2029.0 149.0 le nomme évêque pour prêcher la foi dans la

49.0 1749.0 2050.0 164.0 germanie sur la rive droite du Rhin. Voy

54.0 1873.0 2134.0 153.0 ds Jaffé p. 250-251 les lettres qu'il lui donne

52.0 1955.0 2047.0 164.0 et qui en font vraiement un missionnaire

63.0 2023.0 1992.0 218.0 de Rome. Schubert p. 301 reconnait qu'il

48.0 2148.0 2049.0 197.0 est ganz vom Rom abhängig. En 724 le pape

33.0 2239.0 2180.0 171.0 le recommande à Charles Martel (Jaffé p.251).

48.0 2366.0 1992.0 194.0 En 732 Grégoire III le nommera archevêque

26.0 2446.0 2036.0 204.0 avec autorisation de nommer lui m. des Ev. ds

20.0 2573.0 2026.0 188.0 ces territoires qu'il soumet au Christ, c. a. d.

43.0 2689.0 2073.0 190.0 dans l'espèce à l'Eglise de Rome en Thuringe

59.0 2821.0 173.0 121.0 etc.

51.0 2900.0 2032.0 183.0 Mettre ici les fondations d'évêchés par Bo¬

63.0 3037.0 379.0 135.0 niface.

69.0 3138.0 2041.0 143.0 Ainsi dans le m. temps où l'empereur chasse

65.0 3227.0 2023.0 145.0 Rome d l'Orient, il se fait que la mission de

53.0 3317.0 2059.0 152.0 Boniface lui <......> ouvre la perspective de

57.0 3418.0 2083.0 143.0 s etendre sur ces extremas occidentis regio¬

53.0 3511.0 2041.0 177.0 nes que Gregoire II entrevoyait déjà en 730.

66.0 3609.0 1986.0 183.0 Et ce grand convertisseur pour Rome est en

55.0 3720.0 2109.0 167.0 m. temps p. la force des choses le protégé de ce Charles

46.0 3803.0 2029.0 211.0 Martel qui par ailleurs saccage l'église, la dé¬

42.0 3937.0 1973.0 149.0 pouille et l'emplit de ses vassaux. Comment le

57.0 4030.0 1970.0 152.0 pape dans la détresse où il se trouve en Italie

57.0 4124.0 1957.0 169.0 ne s'adresserait-il pas à ce tout puissant pro¬

47.0 4203.0 2015.0 201.0 tecteur de son homme de Confiance ? En 738 Bo

38.0 4314.0 2048.0 215.0 niface a passé de nouveau à Rome où il a sé¬

55.0 4445.0 2032.0 178.0 journé environ un an. Il est certain qu'il n'a

61.0 4532.0 2014.0 206.0 pas seulement parlé avec Grégoire III de l'or¬

61.0 4623.0 2026.0 217.0 ganisation de l'Eglise allemande. On doit sup¬

77.0 4716.0 1981.0 207.0 poser qu'il lui a indiqué Charles comme son

84.0 4840.0 2057.0 203.0 recours. Et en effet, en 739, le pape écrit au tout
