3978 5058
3509 67 405 316 197

55 32 2066 192 Magnus, pacificus imperator. Remarquer

64 132 2044 144 qu'il ne dit pas Romanorum imperator ni

40 223 2073 167 Semper Augustus. Il dit "Romanorum gu¬

32 316 2181 141 bernans imperium" expression assez vague

21 412 2107 131 que précisent les deux réalités rex francorum

0 520 1029 154 et langobardorum.

33 564 2050 170 Le pape lui l'appelle autrement dans ses bulles

35 676 2000 148 "imperante domino nostro Carolo piissimo

7 770 2087 137 perpetuo Augusto, a Deo coronato, magno

11 841 2073 142 et pacifico imperatore" et il y a même l'année

33 927 2021 141 de postconsulat (Giry p.671). Du temps des emp.

48 1004 2018 176 antiques on disait : imperante domino nostro

27 1076 2031 181 Justiniano perpetuo augusto" (Giry 668 n.)

37 1199 2119 175 La situation de Charles comme chef de la chrétienté

34 1285 2072 201 apparait encore sur ses Monnaies où il fait

30 1384 2122 192 imprimer la legende "Christiana religio"

27 1475 2104 189 Hartmann p. 334) D'après Prou, p. XI ces mon¬

41 1567 2135 161 naies seraient postérieures au couronnement.

55 1647 2087 198 Elles portent au droit le buste impérial av.

43 1735 2070 242 la légende D. N. Karlus Imp. Aug. Rex F

47 1848 2025 168 et L. La tête est laurée à l'antique et le

36 1946 2130 170 buste couvert du paludamentum comme

50 2031 2193 188 les empereurs romains du haut Empire (Ibid)

110 2152 1969 191 Hartmann p.148 ne croit pas Egînhard qd

42 2295 2085 178 il dit que Charles fut surpris par l'initia¬

47 2394 2062 177 tive de Léon III. Pour lui, tout était convenu

50 2518 527 134 d'avance.

55 2577 1995 213 D'après la forme dit Hartmann p. 350 l'acces¬

54 2685 1970 180 sion de Charles à l'Empire est conforme à la

33 2788 1978 196 légalité. L'acclamation du peuple a eu lieu

30 2889 2041 165 comme à Byzance. Il importe peu que le cou

65 2965 2006 170 ronnement ait précédé au lieu de suivre.

53 3038 2135 200 Mais ceci ne relève que de la forme. En realité

56 3158 2061 186 les Romains qui acclamèrent n'étaient pas

39 3256 2135 160 comme les acclamateurs de Constantinople

49 3342 2073 183 les représentants d'un Empire, mais les ha¬

59 3430 2040 174 bitants d'une ville <....> dont l'élu était le

50 3509 2092 191 patrice. Leurs acclamations ne pouvaient

39 3602 2097 214 lier les sujets de Charles de l'Elbe aux Pyré¬

63 3725 2108 188 nées. En fait ces acclamations étaient une

34 3841 1991 183 mise en scène. En réalité, ce qui donna

71 3943 1982 195 l'Empire à Charles, ce fut le pape, le chef

44 4044 1971 191 de l'ecclesia, donc l'ecclesia. Par là il

68 4155 1956 173 en devient le défenseur attitré. Son titre

56 4253 1979 179 impérial n'a pas de signification laïque

56 4337 2150 192 à la différence de l'Ancien Empire. Il n'aug¬

66 4451 2018 188 mente en rien son pouvoir séculier. Il n y

80 4581 2014 135 a pas une seule institution impériale. Le

71 4702 1978 170 patrice qui protégeait Rome devient l'em¬

71 4819 1348 162 pereur qui protège l'Eglise.
