4090 5056
3512.0 147.0 295.0 320.0 89

198.0 67.0 1893.0 177.0 De plus Guiman p.167 dans le texte de

160.0 143.0 1944.0 185.0 son tonlieu mentionne l'aurum en même

160.0 240.0 1931.0 198.0 temps que celui en esclaves. Et l'on re¬

168.0 311.0 1906.0 194.0 trouve cela dans le tonlieu de Tournai

172.0 480.0 1114.0 139.0 à publier par Rolland.

193.0 535.0 1932.0 198.0 S'il sortait de l'or, il en rentrait aussi.

181.0 619.0 1927.0 232.0 Voy. à et égard le texte de Grégoire le Gd cité pl

160.0 728.0 1969.0 224.0 haut p. 76 où le pape ordonne au prêtre Candidus

177.0 830.0 2015.0 206.0 d'acheter en Provence des Vestimenta et des pueros

164.0 918.0 2011.0 198.0 anglicanos avec des solidi gallicani qui n'ont

172.0 1036.0 1670.0 181.0 pas cours à Rome et qu'il lui a remis.

202.0 1082.0 1948.0 236.0 Sans doute nous avons peu de textes. Mais

172.0 1175.0 1978.0 236.0 si nous en étions tenus aux sources litté¬

181.0 1264.0 1935.0 261.0 raires pour le Moyen Age comment pourrions

168.0 1377.0 1965.0 211.0 nous connaître le grand développement de

172.0 1478.0 1915.0 215.0 son commerce. Il ne nous apparait que par

172.0 1567.0 1944.0 215.0 les sources d'archives. Or pour la periode méro

172.0 1660.0 1923.0 240.0 vingienne, à part une ou deux chartes royales

185.0 1761.0 1990.0 223.0 toutes les archives ont disparu. On doit donc

198.0 1845.0 2015.0 240.0 raisonner par analogie. Le grand stock d'or

172.0 2022.0 835.0 168.0 doit S'expliquer.

1779.0 1997.0 308.0 134.0 étranger

206.0 2051.0 1961.0 241.0 S il avait été drainé par le commerce on de¬

189.0 2174.0 1961.0 210.0 vrait le voir diminuer avec le temps. Or

210.0 2334.0 1189.0 147.0 c est ce qui ne se voit pas.

261.0 2380.0 1906.0 215.0 Il est certain qu'il y a grande circulation mo¬

206.0 2477.0 1919.0 223.0 nétaire. Il faut se défaire de l économie na¬

193.0 2570.0 1974.0 219.0 ture. Par exemple Lot Ardin p 123 cite l'exem¬

198.0 2667.0 1939.0 214.0 ple de la cité de Clermont payait l'impôt en

206.0 2763.0 1969.0 203.0 céréales et en vin. Mais cet impôt fut changé

1568.0 2848.0 430.0 118.0 de l'éveque

202.0 2898.0 1999.0 156.0 en monnaie à la demande <.. ....>¬

206.0 2961.0 1999.0 199.0 <...> Il donne comme source Gregoire Vi¬

198.0 3054.0 1994.0 215.0 tam Patrum, c. 2. p.669. L'exemple n'est pas très

198.0 3151.0 1952.0 215.0 bon parceque l historiette se rapporte au IVe s. et à

193.0 3252.0 1991.0 219.0 l epoque impériale. Mais puisque Grégoire cite cela

193.0 3383.0 2088.0 185.0 comme un bienfait, c'est que de son temps encore

202.0 3522.0 767.0 143.0 il en etait ainsi..

193.0 3539.0 1915.0 227.0 Jamais dans Grégoire il n'est question de

202.0 3682.0 1838.0 190.0 payements faits autrement qu'en argent.

206.0 3775.0 2003.0 198.0 On a vu plus haut que tous les versements d'im¬

202.0 3922.0 1079.0 152.0 pots au roi se font en or.

227.0 3973.0 2049.0 215.0 Au surplus, il y avait certainement des grandes

215.0 4108.0 1943.0 168.0 quantités de numéraire en circulation et

206.0 4209.0 1940.0 185.0 que l'on cherchait à faire fructifier. On ne

202.0 4297.0 2070.0 207.0 pourrait sans cela comprendre comment une

198.0 4415.0 1901.0 181.0 quantité d'ambitieux offrent au roi des

219.0 4499.0 2015.0 177.0 sommes considérables pour devenir évê¬

198.0 4588.0 1990.0 194.0 ques. La coutume de donner la recette des

193.0 4714.0 1965.0 194.0 impôts à ferme (Lot. Ardin, p.125) prouve la
