4090 5056
3736.0 92.0 270.0 236.0 62

157.0 61.0 1913.0 147.0 les amener par la douceur (Jaffé 1104)

157.0 160.0 1983.0 132.0 Il ne veut même pas que l'eveque de Naples

146.0 261.0 1991.0 133.0 les empêche de travailler les jours de fête (Ibid,

140.0 351.0 1955.0 151.0 1879) La seule restriction qu il veuille leur

146.0 426.0 2059.0 179.0 imposer, c'est d'avoir des esclaves chrétiens (Ibid.

162.0 522.0 2048.0 182.0 1157) Il demande à Brunehaut de promul¬

162.0 632.0 1989.0 184.0 guer une loi pour le leur interdire. (Jaffé

143.0 741.0 2059.0 188.0 1743.1744) Des conciles c. celui de Clermont

161.0 859.0 1982.0 194.0 en 535 ne veulent pas qu'ils soient judices

151.0 951.0 2000.0 216.0 (Conciles Mgh, p 67 - 9) Beaucoup de stipula¬

143.0 1074.0 1975.0 202.0 tions des conciles merovingiens interdisent

136.0 1174.0 2142.0 190.0 les mariages entre Juifs et chrétiens, l assistance

146.0 1296.0 2053.0 156.0 des chrétiens aux convivia des Juifs, la possession

137.0 1421.0 1722.0 140.0 par les Juifs de mancipia christiana.

188.0 1522.0 1955.0 173.0 En Espagne après la conversion de Reccared,

146.0 1637.0 2064.0 184.0 la legislation contre eux devient sévère. Sise¬

137.0 1755.0 1969.0 154.0 but (612-621) force certains d'entre eux à se

143.0 1856.0 2031.0 148.0 faire chrétiens ce qui leur attire le blâme d Isi¬

154.0 1974.0 1994.0 138.0 dore (Ziegler 189). Chrutela 636-640 ordonne

150.0 2089.0 2024.0 172.0 qu il n'y ait plus que des Catholiques dans le Roy¬

148.0 2193.0 2003.0 138.0 aume. Recceswinth (649-72) interdit la

148.0 2303.0 2056.0 164.0 circoncision, le Sabbat, les fêtes juives. Erwig

134.0 2400.0 2028.0 200.0 680-87 Ordonne aux Juifs d'abjurer dans

137.0 2526.0 2115.0 170.0 l'année sous peine de confiscation et d'exil.

162.0 2623.0 1972.0 173.0 Egica (687-702) leur interdit le commerce

134.0 2752.0 1980.0 149.0 avec l'étranger et avec les chrétiens. Il y a

157.0 2859.0 2048.0 150.0 une révolte à la suite de laquelle tous les Juifs

140.0 2977.0 2110.0 140.0 sont déclarés esclaves des Chrétiens (196). Isidore

140.0 3070.0 2194.0 171.0 a d ailleurs composé contre eux un Contra Judaeos

140.0 3185.0 1958.0 150.0 (Ebert I, 631). Ils avaient offert de l'argent à

134.0 3299.0 1984.0 174.0 Reccared qui le refusa (Jaffé 1757). Ceux de

123.0 3409.0 1961.0 164.0 la persécution de Sisebut se refugièrent en

129.0 3542.0 1857.0 152.0 gande partie en Gaule (Aronius N° 59).

185.0 3633.0 1927.0 187.0 Il y avait de ces Juifs qui étaient marins

129.0 3755.0 2011.0 150.0 ou du moins possesseurs de bateaux (Jaffé

129.0 3865.0 1986.0 180.0 1564) Il y en a qui possèdent des terres culti¬

137.0 3977.0 2113.0 143.0 vées par des Colons ou des Originarii (Jaffé,1293).

146.0 4074.0 1726.0 182.0 D'autres sont médecins (Greg V. 6)

137.0 4210.0 2014.0 129.0 Mais l'immense majorité d'entre eux

133.0 4319.0 2007.0 135.0 s'adonne au commerce et surtout au prêt

134.0 4419.0 486.0 134.0 à intérêt.

123.0 4543.0 1927.0 150.0 Beaucoup sont marchands d'esclaves

126.0 4666.0 1983.0 184.0 par exemple à Narbonne (Aronius p.19-20)
