3978 5058
3488 88 350 325 191

95 19 2037 156 chef de l'Eglise. Et pour qu'elle soit plus fer¬

48 111 2106 136 me Etienne donne à Pepin le titre de pa¬

50 221 2110 141 tricius Romanorum. Ici, il usurpe évidem¬

75 313 2244 108 ment sur les droits de l'Empereur. L'exarque

67 388 2046 150 avait porté ce titre de patrice (Gansh. 411) Pe¬

67 460 2147 126 pin devient donc, comme celui-ci l'était, le

54 572 2071 142 protecteur de Rome, mais en vertu d'une

56 665 2125 162 délégation du pape lui-même. Il semble

43 752 2208 162 d'ailleurs qu'il ait agi ici de son propre mou¬

55 854 2112 132 vement et sans se soucier des convenances de

71 941 2069 173 Pepin qui ne porta jamais ce titre auquel

27 1062 1436 137 sans doute il ne tenait pas.

97 1193 2000 131 Astolphe vaincu rendit par traité aux Ro¬

52 1303 2100 134 mani les conquêtes qu'il avait faites, c a. d.

48 1411 2038 130 les patrimonia de Narni et Ceccano, plus

56 1500 2378 145 les territoires de l'exarchat. Dès que l'empe¬

57 1614 2131 141 reur fut averti, en 756, il fit demander à

87 1698 1999 153 Pepin de lui abandonner Ravenne et l'e¬

71 1823 2078 145 xarchat, ce que l'autre naturellement re¬

41 1910 2082 153 fusa. L'empereur lui promettait la forte

38 2013 2254 152 somme. Mais il n'avait agi que par révérence

63 2123 2037 130 pour S. Pierre et rien ne pourrait le faire

65 2230 2052 133 revenir là dessus (Oelsner, p.267). Au mo¬

63 2330 2134 154 ment d cette ambassade, la guerre a d'ail¬

31 2423 2065 145 leurs repris entre Pepin et Astolphe, celui-ci

49 2529 2019 141 ayant tout de suite violé ses promesses. Il

36 2636 2056 163 avait même mis le1 Janvier 756 le siège

42 2732 2107 184 devant Rome. Une deuxième fois bloqué

41 2835 2080 142 dans Pavi, les Lombard demande une

42 2939 2077 162 deuxième fois la paix. Il rendit de nouveau

61 3067 2098 111 les territoires et Pepin en fit dresser une nou¬

23 3165 2103 132 velle donation au pape. Celui-ci est donc dé¬

33 3273 2021 132 sormais maître de Rome et de son terri¬

49 3381 2109 140 toire. Mais il continue cependant à recon¬

37 3486 2159 146 naître la souveraineté théorique de l'Em¬

38 3593 391 131 pereur.

29 3675 2106 176 Il est caractéristique que dans aucune de

24 3798 2041 177 ses deux expéditions Pepin ne soit entré à

35 3910 327 158 Rome.

23 4014 2098 193 Il ne devait plus d'ailleurs reparaître en Ita¬

29 4135 2036 175 lie quoique le successeur d'Astolphe, Didier,

32 4233 2060 161 devenu roi en partie par son influence, lui ait

33 4345 2048 159 encore soulevé des difficultés. Didier avait pro¬

27 4437 2173 167 mis de ceder au pape diverses conquêtes lombardes

28 4529 2178 167 de Luitprand, mais il n'en restitua qu'une partie.

28 4631 2012 165 Le successeur d Etienne, Paul Ier (757-767.)

36 4727 2009 182 réclama en vain. Il semble que <......>

29 4845 2365 155 <.. soit alors .......... ..> l'empereur ait alors

2223 88 608 141 et à ses 2 fils

2210 3087 1020 198 (Mühlbacher p. 38. 80
