4090 5056
3727.0 101.0 215.0 185.0 41

1994.0 231.0 122.0 97.0 5

1699.0 359.0 1382.0 222.0 Justinien. (527-565 )

165.0 602.0 2003.0 164.0 Il n'y a pas de plus grande erreur que de

118.0 759.0 2032.0 116.0 croire, <...... ... .... ........> que l'idée

123.0 873.0 2051.0 138.0 d l'Empire ait disparu après le dépècement

120.0 977.0 2059.0 140.0 des provinces Occidentales par les barbares.

123.0 1086.0 2023.0 147.0 Personne ne peut douter que le Βασιλευς qui

120.0 1199.0 1986.0 145.0 règne à Constantinople n'étende encore

117.0 1292.0 2034.0 144.0 son autorité théorique à tout l'ensemble.

117.0 1393.0 2001.0 147.0 Il ne gouverne plus, mais il règne encore

115.0 1502.0 2050.0 165.0 et c'est vers lui que se tournent encore tous

109.0 1615.0 371.0 162.0 les yeux.

128.0 1706.0 2043.0 159.0 L'Eglise surtout pour qui l'Empire est une

106.0 1842.0 2048.0 143.0 construction providentielle ne peut se passer

120.0 1943.0 2037.0 170.0 de lui. Son chef à Rome, et la ville de Rome m.

116.0 2053.0 2018.0 123.0 le reconnaît comme le souverain légitime

110.0 2153.0 2055.0 162.0 de l'ecclesia. Voy. Grégoire le grand il est vrai

124.0 2244.0 2005.0 165.0 après Justinien. II suffit de voir des écrits de

117.0 2348.0 2102.0 171.0 Marius d'Avenches (+593) de Victor de Tunnuna

115.0 2458.0 2005.0 185.0 (+569) de Jean de Biclaro (-590) pour voir

130.0 2549.0 2239.0 193.0 que pour eux l Empire continue ( Ebert I. 618)

106.0 2686.0 2124.0 153.0 Theodoric le considère comme son maître puis¬

117.0 2800.0 1340.0 164.0 qu il n'ose faire que des édits.

117.0 2907.0 2006.0 166.0 Pour les Burgondes j ai cité plus haut des

109.0 3042.0 1062.0 136.0 gestes caractéristiques

90.0 3117.0 1938.0 166.0 Les rois barbares frappent son effigie sur

101.0 3260.0 764.0 113.0 leurs monnaies.

109.0 3359.0 1382.0 140.0 Clovis enchanté du Consulat.

129.0 3445.0 2070.0 175.0 Justinien adopte Theodebert comme Maurice

115.0 3579.0 1983.0 168.0 adaptera Childebert. Theodebert écrit aussi

103.0 3693.0 2015.0 199.0 humblement que possible à Justinien (Vas¬

101.0 3836.0 722.0 155.0 siliev I 203 n.).

115.0 3935.0 2062.0 169.0 C est à Constantinople que les rois soumettent

100.0 4041.0 2029.0 182.0 leurs differends ou qu'ils s adressent dans leurs

108.0 4141.0 2042.0 195.0 intrigues, par exemple les Vandales et les Ostrogoths

125.0 4312.0 2004.0 148.0 De son côté l'Empereur n'a rien cédé. Il est

92.0 4426.0 1999.0 164.0 donc tout naturel que, l'occasion se présen¬

96.0 4546.0 2016.0 139.0 tant, il cherche à reprendre son bien Et à cela

76.0 4662.0 2027.0 193.0 s'ajoute pour Justinien la question religieuse.

150.0 4768.0 1899.0 178.0 <.. ... ....> On pourrait être tenté de le

2247.0 661.0 1463.0 206.0 Cf Lot 294 n'est pas clair.

2286.0 2091.0 1562.0 152.0 La vie d S. Dizier compte par règnes

2286.0 2208.0 1683.0 127.0 d empereurs. Elle fait dire à l "nos¬

2373.0 2292.0 1579.0 143.0 tris vitiis succumbit imperium".

2411.0 2452.0 1501.0 254.0 Jondanes croit aussi à l'éternité de

2421.0 2648.0 452.0 124.0 l'Empire.

2164.0 4129.0 611.0 139.0 et les Wisigoths

2177.0 4259.0 1827.0 209.0 Il y a surtout l Méditerranée qu il faut

2125.0 4384.0 1883.0 168.0 refaire en reprenant l'Afrique aux Vandales

2135.0 4483.0 1824.0 164.0 et la Sicile aux Ostrogoths. on n'a pas vu ça.
