4090 5056
3613.0 54.0 312.0 232.0 21

75.0 78.0 1975.0 181.0 dont la glose malbergique serait les ves¬

70.0 171.0 1977.0 184.0 tiges. Mais Euric le plus ancien legislateur

61.0 294.0 2043.0 170.0 germanique dont nous avons quelque chose

70.0 390.0 2022.0 149.0 écrit en latin et depuis lui c'est partout la

67.0 552.0 756.0 88.0 même chose.

67.0 620.0 2039.0 149.0 Sans doute l Arianisme a pu durant un

67.0 735.0 1994.0 163.0 certain temps empêcher un contact trop

69.0 848.0 2068.0 146.0 intime. Mais il reparait très tôt chez les

70.0 976.0 2025.0 155.0 Burgondes, ne dure pas au delà de chez

67.0 1065.0 2015.0 169.0 les Ostrogoths, cesse chez les Vandales avec

78.0 1179.0 2014.0 190.0 la reconquête de Justinien en 533 et chez

80.0 1269.0 2061.0 209.0 les Wisigoths est aboli p. Rekkared (586 a601).

75.0 1432.0 2043.0 178.0 Ajoutez que chez les Francs il n'a jamais e¬

87.0 1587.0 328.0 112.0 xisté.

84.0 1654.0 2028.0 185.0 Ainsi on ne voit pas comment l'élément

87.0 1775.0 1991.0 188.0 germanique aurait pu se maintenir. Il

89.0 1893.0 2045.0 164.0 aurait au moins fallu pour cela un appoint

95.0 2016.0 2051.0 149.0 constant des forces fraîches. Il n'y en a pas. Les

92.0 2123.0 2094.0 157.0 Vandales ne reçoivent rien. Ni les Wisigoths

95.0 2247.0 2034.0 153.0 coupés de tout contact. Peut être un peu les

87.0 2351.0 2047.0 185.0 Ostrogoths par les Alpes. Pour les Francs de

87.0 2466.0 2070.0 178.0 Gaule, c'est la même chose. La conquête a¬

87.0 2586.0 2064.0 147.0 chevée il ne vient plus personne. Il suffit de

84.0 2724.0 1090.0 171.0 lire Grégoire de Tours.

109.0 2794.0 2087.0 204.0 Il y a d'ailleurs un argument formidable.

95.0 2921.0 2079.0 178.0 Si la langue s'était conservée, elle aurait

101.0 3033.0 2087.0 163.0 laissé des traces dans les langues romanes.

95.0 3123.0 2053.0 185.0 Or, à part l'emprumt de certains mots, il

98.0 3254.0 2090.0 173.0 n'y en a pas. Ni la phonétique, ni la synltaxe

95.0 3370.0 2056.0 191.0 n'indiquent la moindre influence Germa¬

92.0 3534.0 377.0 113.0 nique.

98.0 3600.0 2000.0 170.0 Et disons la même chose du type physique.

98.0 3710.0 2067.0 152.0 Où donc retrouve-t-on le Type Vandale en A¬

103.0 3831.0 2048.0 162.0 frique, le Wisigothique en Espagne et en Aqui¬

92.0 3929.0 2152.0 175.0 taine, l'Ostrogothique en Italie ? Il y a des blonds

95.0 4052.0 2129.0 146.0 en Afrique mais Gautier (p.316) a fait observer

105.0 4148.0 2038.0 169.0 qu'il y en avait <..... ..... avan les>

101.0 4276.0 1227.0 119.0 déjà avant leur arrivée.

123.0 4378.0 1986.0 166.0 Mais dira-t-on il y a le droit qui est person¬

95.0 4480.0 2053.0 183.0 nel, romain pour les Romains, germanique pour

123.0 4600.0 2110.0 182.0 les Germains et c'est vrai. Mais ce droit germa¬

106.0 4717.0 2219.0 178.0 nique il est déjà tout interpénétré de romanisme

2162.0 584.0 1826.0 216.0 Les seuls rois qui aient vraiment poussé l'A¬

2154.0 657.0 1803.0 244.0 rianisme sont les Vandales pr motifs milit.

2744.0 998.0 1213.0 213.0 Gondobald soupçonné d'être

2664.0 1120.0 1277.0 177.0 Cathol. Sigismond dès 516 est

2657.0 1213.0 1289.0 171.0 cathol. Il y a cepend. encoreds ariens

2681.0 1296.0 1184.0 198.0 en 524. Et puis et y a la conquête

2858.0 1363.0 1060.0 199.0 franque. En somme il a été

2863.0 1444.0 1113.0 187.0 faible chez les Burg. Là des¬

2668.0 1548.0 1034.0 179.0 sus Coville, p.167 suiv.

2161.0 1209.0 436.0 229.0 (conversion

2193.0 1310.0 389.0 130.0 de Rekkared

2251.0 1385.0 276.0 141.0 589).

2289.0 1834.0 1691.0 250.0 D après Dahn Könige V.170 la langue gothique

2311.0 1976.0 1565.0 195.0 a disparu lors de l adoption du cathol. par

2305.0 2050.0 1605.0 213.0 Rekkared ou du moins elle ne végète pl. que

2285.0 2146.0 1525.0 205.0 dans le petit peuple. Qu'en sait-il?

2418.0 2466.0 1427.0 219.0 Cet arianisme était à fleur de

2411.0 2589.0 1510.0 207.0 peau, car on ne voit nulle part d'a¬

2441.0 2688.0 1406.0 227.0 gitation quand on le supprime.

2297.0 2827.0 1649.0 240.0 Pour ce vocabulaire emprunté, on ne le trouve

2301.0 2928.0 1607.0 249.0 qu'en français (Voy. Lot. Invasions, p.225 et

2289.0 2949.0 1707.0 275.0 suiv. et Gamillscheg, c.a.d. là où depuis le IVe s la

2293.0 3051.0 1702.0 251.0 populat. est en contact avec des Germains. Rien de tel

2289.0 3130.0 1712.0 235.0 en Aquitaine et Espagne (Visig.), Afrique (Vandale),

2454.0 3217.0 1554.0 209.0 Italie (Ostrog.). Pour le français l'apport ger¬

2399.0 3333.0 1045.0 180.0 manique serait de 300 mots.

2238.0 3393.0 1677.0 266.0 "L'Espagne ne nous montre pas de

2235.0 3483.0 1731.0 305.0 populations ayant conservé le type germa¬

2255.0 3576.0 1672.0 289.0 nique" E. Pittard, Les races et l'histoire,

2385.0 3820.0 342.0 160.0 p.135.
