3993 5058
3486.0 50.0 383.0 335.0 209

50.0 32.0 1965.0 189.0 Il y a surtout des gens qui suivent les ar¬

0.0 156.0 2033.0 153.0 mées c. toujours pour butiner derrière elle. Il

20.0 265.0 2102.0 135.0 y en a qui s aventurent aux frontières pour ven¬

54.0 370.0 1967.0 102.0 dre des armes à l'ennemi ou faire du troc

45.0 441.0 2162.0 145.0 avec les barbares. C'est là un négoce d'aven¬

54.0 554.0 2020.0 137.0 turiers. J'ai beau chercher je ne vois pas ds

54.0 647.0 2101.0 105.0 tout cela une activité économique normale.

36.0 734.0 2042.0 137.0 Le ravitaillement du Palais à Aix a donné

54.0 850.0 2020.0 148.0 naissance à un service de ravitaillement

22.0 921.0 2070.0 153.0 Mais ce n'est pas là non plus une mainfes¬

52.0 1045.0 1971.0 154.0 tation commerciale. Ces gens là sont sou¬

61.0 1139.0 2008.0 152.0 mis à un contrôle que le Palais exerce sur eux

65.0 1269.0 587.0 137.0 (Waitz IV. 45).

58.0 1315.0 2052.0 173.0 D'ailleurs un fait est à signaler qui montre

59.0 1424.0 2080.0 146.0 combien le capital mobilier a diminué d'im¬

35.0 1524.0 2056.0 136.0 portance, c'est l interdiction du prêt à inté¬

36.0 1614.0 1969.0 139.0 rêt. Et sans doute ceci vient de l'Eglise qui

0.0 1693.0 2021.0 155.0 l a de bonne heure interdit à ses membres.

24.0 1787.0 1999.0 172.0 Mais qu'il ait été imposé au commerce sur

63.0 1884.0 2013.0 155.0 lequel il devait peser durant tout le Moyen

39.0 1989.0 2035.0 173.0 Age, il y a là sans nul doute une preuve de

36.0 2090.0 2038.0 169.0 la disparition du grand commerce. Deja le

18.0 2190.0 2009.0 173.0 capitulaire de 789 interdit tout profit

37.0 2301.0 2032.0 162.0 en matière d'argent ou d'autre chose don¬

52.0 2399.0 2010.0 160.0 née en prêt (Waitz IV 51). Usura est ubi am¬

37.0 2497.0 1982.0 158.0 plius requiritur quam datur, verbi gratia

40.0 2609.0 2019.0 135.0 si dederis sol.10 et amplius requisieris vel

45.0 2714.0 1983.0 131.0 si dederis modium unum frumenti et i¬

27.0 2824.0 2005.0 135.0 terum super alid exigeris. (Ibid). Dopsch a

47.0 2912.0 2046.0 148.0 beau faire pour prouver que les Carolingiens n'ont

26.0 3015.0 2011.0 149.0 pas agi contre l'interêt, il n'y parvient que par

43.0 3100.0 1997.0 158.0 une distinction grotesque : il n'y a pas dit il (II 267)

41.0 3203.0 2043.0 150.0 de défense laïque. Qu'importe puisque l'Etat a a¬

39.0 3288.0 1984.0 151.0 dopté l'interdiction de l'Eglise. Il relève l'inter¬

26.0 3369.0 1999.0 173.0 vention des Ev. ds le capitul de 832 (Boret.

59.0 3488.0 2021.0 163.0 II 63) qui dit : de usuris diligentissime in¬

76.0 3574.0 1934.0 148.0 quiratur a missis nostris et cum reperti

72.0 3674.0 1974.0 174.0 fuerint qui eas exercebant, propriis episcopis

47.0 3750.0 2116.0 159.0 tradantur ut sub publica penitentia redigantur"

43.0 3853.0 2019.0 170.0 Peut-on être plus à côté d la question. Le Capitul.

59.0 3965.0 2040.0 200.0 de 825 qui interdit l'usure et fait examiner les

54.0 4056.0 2089.0 164.0 cas par les évêques puis confie l exécution aux

60.0 4154.0 2063.0 181.0 comtes (Boret I, 327 .5) est d'après lui une

61.0 4258.0 2174.0 187.0 décision de synode (II p. 268) D'après Dopsch

49.0 4367.0 2074.0 171.0 Charles n'a rien innové en matière de lé¬

60.0 4491.0 2026.0 151.0 gislation anti usuraire. Il s'est borné à

65.0 4584.0 2059.0 157.0 continuer la tradition Mérov. qui défend

37.0 4692.0 2088.0 167.0 l intérêt aux clercs !! (II p.270) Puis il donne

41.0 4829.0 2019.0 158.0 quelques exemples douteux pour prouver que le

2274.0 621.0 1176.0 152.0 Sedem negotiatorum Cappas

2316.0 749.0 736.0 137.0 foire de s Denys.
