3978 5058
3324.0 63.0 481.0 337.0 172

9.0 23.0 1988.0 162.0 meurt en 720 et les Franci lui donnent

15.0 116.0 2063.0 164.0 pour successeur Thierry IV fils mineur de Da¬

26.0 210.0 2154.0 163.0 gobert III. Quand à Raginfred reste-t-il maire ?

25.0 298.0 2182.0 165.0 Il est refugié a Angers où en 724 il se soulève contre

37.0 387.0 2017.0 157.0 Charles. C'est le seul mouvement Neustrien

39.0 497.0 1984.0 153.0 que je voie encore contre Charles. Celui-ci a

26.0 598.0 2011.0 144.0 fait on l'a vu la paix avec Eudes d'Aquitaine

18.0 693.0 2071.0 151.0 et peut se consacrer à ses guerres du Nord. En 720

20.0 812.0 2013.0 139.0 il attaque de nouveau les Saxons. En 722 peut-

23.0 901.0 1972.0 143.0 être encore. Cependant qu il soutient Wilibrord chez

35.0 994.0 1990.0 135.0 les Frisons et s. d. déja les efforts de Boniface que

35.0 1104.0 2113.0 139.0 Gregoire II (715-731) a fait évêque des peuples payens

18.0 1213.0 724.0 144.0 d l'Allemagne.

11.0 1298.0 2091.0 155.0 En 725 première expédition de Charles pour sou¬

19.0 1404.0 2104.0 136.0 mettre la Bavière. Il est favorisé par des diessen¬

27.0 1505.0 1985.0 145.0 timents dans la famille ducale. Il s'avance

25.0 1579.0 2048.0 167.0 jusqu'au Danube. Il semble avoir s'agi d accord

24.0 1716.0 1996.0 139.0 avec les Lombards. En 728 il fait une seconde ex¬

25.0 1791.0 2044.0 160.0 pédition. La Bavière conserve cependant son auto¬

36.0 1931.0 1185.0 142.0 nomie sous le duc Hubert.

42.0 1972.0 2028.0 194.0 730 Expédition en Alémanie qui semble avoir ré¬

48.0 2122.0 1148.0 149.0 uni ce pays à la Francia.

38.0 2217.0 1982.0 185.0 734 Expedition en Frise qui assure la sujétion

28.0 2353.0 1358.0 119.0 et la christianisation du pays.

29.0 2440.0 1431.0 166.0 738, Expédition contre les Saxons.

89.0 2548.0 1970.0 183.0 Voilà pour les guerres du Nord qui au fond

43.0 2651.0 2065.0 206.0 n'ont de resultats que pour la Frise et l'Ale¬

43.0 2778.0 294.0 155.0 manie.

50.0 2870.0 2045.0 193.0 Mais c'est l'Islam qui va maintenant exer¬

61.0 2997.0 1957.0 165.0 cer sa répercussion sur cette Austrasie

49.0 3114.0 1963.0 158.0 qui est la forteresse de Charles. De la Neustrie,

19.0 3212.0 2058.0 157.0 sauf de la revolte de Raginfred en 724, peu dan¬

55.0 3330.0 2040.0 138.0 gereuse, il ne s'inquiétait plus. Il dominait

56.0 3419.0 2047.0 182.0 jusqu'à Reims et pour le Midi il était allié

52.0 3533.0 1045.0 165.0 à Eudes d'Aquitaine.

56.0 3599.0 2016.0 187.0 Seulement la situation de celui-ci allait le

42.0 3741.0 1978.0 165.0 mettre en contact avec l'Islam. En 720, les

50.0 3861.0 2055.0 163.0 Arabes d'Espagne passent les Pyrénées, s'empa¬

42.0 3973.0 2057.0 158.0 rent de Narbonne et assiègent Toulouse.

55.0 4077.0 2097.0 178.0 Au printemps de 721 Eudes marche contre eux,

54.0 4177.0 2034.0 168.0 les bat sous les murs de Toulouse et les chasse

65.0 4289.0 2068.0 166.0 d'Aquitaine mais sans pouvoir leur reprendre

61.0 4379.0 2113.0 208.0 Narbonne (Richter, 187). Mais ce n'est qu'un

63.0 4496.0 1987.0 171.0 premier essai. En 725 les Sarrasins entre¬

66.0 4570.0 1957.0 220.0 prennent une grande razzia, s'emparent de

45.0 4654.0 2024.0 224.0 Carcassonne, occupent par traité semble-t-il

44.0 4776.0 1976.0 209.0 tout le pays jusqu'à Nimes. Ils remontent la
