3978 5058
3526 75 344 405 190

1932 76 199 168 IV

1356 231 1344 182 Le Nouvel empire.

88 417 2069 200 En 754 Etienne II se trouve donc dans ces

69 556 2081 157 extremae occidentis regiones dont dès 729

77 679 2076 148 Gregoire II avait indiqué la voie. Qu'y vient-

57 770 2062 160 il faire ? Demander protection pour Rome

67 855 2042 166 puisqu'Astolphe n'a rien voulu entendre

62 948 2110 178 et que l'envoyé de l empereur n'a rien ob¬

60 1017 2204 181 tenu. Surement si sa démarche à Pavie avait

36 1114 2121 179 réussi, il n'aurait pas franchi les Alpes. Il

67 1202 2052 163 a conscience sans doute de la gravité de sa

60 1318 1665 152 démarche, mais il est aux abois.

77 1374 2024 212 A Ponthion Pepin l'attend (6 janvier 754).

59 1492 2058 203 Etienne le supplie, Lacrimabiliter "est per

50 1578 2058 221 pacis foedera causam B. Petri et reipubli¬

42 1686 2151 231 cae Romanorum disponeret" (< MÜH >lba¬

42 1838 2042 186 cher p. 33) Et Pépin jure au pape "exarchatum

49 1915 2249 200 Ravennae et reipublicae jura seu loca reddere"

50 2069 285 135 (Ibid).

33 2105 2131 228 A en juger par ces textes il y a dans tout cela

49 2227 2046 205 une équivoque. Il est question de rendre

63 2338 2032 184 à la respublica ce que le Lombard lui a pris.

49 2426 2098 198 Mais la respublica, c'est l Empire ou <..> c'est

58 2544 2058 210 Rome qui est dans l'Empire. Et Pepin là

62 2637 2167 195 dessus envoye une ambassade à Astolphe.

48 2767 2181 157 Il ne tient sans doute pas à faire la guerre.

71 2857 2017 167 Mais l'autre refuse et même obtient que

53 2951 2018 192 Carloman quittant le Mt. Cassin aille en

49 3044 2181 178 France où il est arrêté et meurt (Gansh. p. 410)

69 3149 2044 178 Ainsi le Lombard s'est lâchement brouillé

75 3269 2081 181 avec Pepin. Il semble donc qu'Astolphe a vrai¬

57 3385 2026 157 ment décidé cette fois de prendre Rome et

54 3482 2040 162 dès lors toute l'Italie. sa politique est donc

54 3575 2119 176 italienne, mais celle du pape l'est aussi. Entre

51 3706 2104 160 elles, c'est Pepin, c a d le Nord qui va décider.

91 3823 2049 170 Avant de partir en campagne, Pepin a réuni

69 3922 2016 208 ses grands à Quiersy près de Laon. Il y donne

61 4031 2061 178 au pape un diplome contenant ses promesses,

73 4125 2160 196 (14 avril). Trois mois plus tard, à S. Denys, avant

1067 4273 245 82 pape

32 4254 2122 190 de partir en guerre, le <.....> renouvelle solen¬

79 4343 1998 184 nellement le sacre que Boniface avait déjà

78 4442 2013 197 donné à Pepin et sous peine d'excommunica¬

67 4533 2105 193 tion fait défense aux Francs de choisir jamais

80 4640 2014 196 un roi hors de la descendance de Pepin. Ainsi

81 4738 1994 216 l'alliance est nouée entre la dynastie et le
