3978 5058
45 25 2037 167 Maurontus (parfois appelé duc). Les sources

31 150 2119 140 ne permettent pas de comprendre ce qui se passe.

33 252 2094 171 Il semble que Maurontus agisse de concert av.

32 328 2095 158 les sarrasins. En 737 ceux-ci se sont emparés d'A¬

15 420 2018 170 vignon. Après un siege, Charles prend la ville puis

36 513 2156 187 descnd le <.....> Rhone et vient attaquer Narbonne

26 611 1986 177 que les Arabes délivrent. (Richter, 197). Puis

39 709 2095 168 Charles s'en retourne brûlant en chemin Nîmes,

31 820 2062 182 Agde, Beziers (Ibid. 198) Il veut évidemment

32 909 2021 168 terroriser cette population méridionale car il

35 994 2075 187 est insensé de croire qu'il ait détruit ces villes

58 1090 2078 189 pour empêcher une autre invasion arabe.

56 1193 2065 190 Mais pendant qu'il est retourné combattre

38 1296 2146 193 en Saxe, les Musulmans se répandent de nou¬

1531 1387 371 70 prennent

34 1405 2126 197 veau jusqu'à la Provence et <.......> Arles.

43 1517 1983 159 Charles demande contre eux le secours des

42 1609 1964 178 Lombards. Luitprand, dont ils menacent les

40 1691 2094 205 frontières passe les Alpes et les refoule. Mauron¬

32 1808 2093 185 tus au milieu de tout cela résiste toujours.

48 1905 2073 215 En 739 Charles avec son frère Childebrand mar¬

25 2014 2101 191 che contre lui et "cunctam regionem usque

42 2139 2073 170 litus maris magni suae dominationi res¬

56 2265 373 155 tituit".

72 2368 2003 185 Et là dessus en 741, Charles meurt. Depuis la

51 2486 2049 179 mort de Thierry IV en 737, il a gouverné sans roi.

59 2591 2054 174 Avant sa mort, il partage l'Etat ou si on veut

21 2662 2945 202 le gouvernement entre ses deux fils Carloman l'ainé qui a l'Austrasie,

44 2820 2048 169 et Pepin, sauf Bavière et Aquitaine qui restent

53 2925 2017 174 des duchés autonomes. + 21 Oct. 741 à Kiersy.

28 3045 1952 171 Ceci se fait "consilio optimatum suorum"

49 3139 2114 165 Cela d'ailleurs ne va pas tout seul. Grifon, bâ¬

37 3258 2090 164 tard de Charles se soulève et es frères l'enferment

39 3362 2019 155 à Chèvremont. Puis la Bourgogne s'agite et les

39 3454 2037 178 Alamans et les Aquitains se soulèvent pendant

46 3563 2124 168 que les Saxons recommencent. Les deux frères mar¬

34 3669 2080 168 chand d'abord contre les Aquitains du duc Chu¬

43 3758 2023 180 nold que le continuateur de Frédégaire appelle

40 3848 2093 195 Romanos (Richter 203), les poursuivent jusqu'à

71 3987 2025 196 Bourges, detruisent le château de Loches mais

62 4105 2029 165 se contentent de cela et se jettent alors sur les A¬

38 4206 1991 165 lamans dont ils parcourent le pays jusqu'au

59 4315 2046 196 Danube, et qu'ils soumettent. En 743 ils battent

55 4408 2031 202 le duc de Bavière, mais le laissent subsister c.

58 4544 320 172 vassal.

70 4659 2189 197 C'est la même année 743 et sans doute à cause

63 4781 1982 216 de ces troubles qu'ils se décident à remettre

2077 2931 799 147 Enterré à S. Denys.

3410 105 437 294 174

2187 143 1157 168 Il y avait déjà eu en Provence

2163 234 1247 142 une révolte contre Pepin de Hers¬

2206 318 1084 146 tal, dirigée par le patrice

2300 362 1412 170 Antenor (Prou, Catal Merov. p. CX).

2176 616 1608 174 Impossible d'admettre qu'il n'y ait pas

2164 715 1617 174 dans tout cela une hostilité nationale.

2136 787 1679 200 Les formulae Arvernenses donnent comme

2149 877 1708 183 cause de la disparition des chartes à recons¬

2215 1001 1455 153 tituer l'hostilitas Francorum.

2278 1105 1008 153 Brunner I, 406 n.26.
