4090 5056
3584.0 29.0 366.0 383.0 50

101.0 63.0 2011.0 143.0 des Avars et la passivité des Francs qui ne

101.0 185.0 1960.0 139.0 font plus qu'une expédition en 662-663

92.0 299.0 2020.0 126.0 qui échoue, la dernière avant Charlemagne.

84.0 404.0 1948.0 126.0 D ailleurs depuis la † d'Arnulf en 616 il n'y a

88.0 492.0 1994.0 152.0 plus guère qui des trêves. Et depuis il y a l'in¬

84.0 598.0 1961.0 139.0 vasion de l'Islam. Finalement en 677 il y

92.0 716.0 1982.0 130.0 a une paix definitive et partage de l'Italie

92.0 813.0 1569.0 105.0 entre l'Empereur et les Lombards.

109.0 905.0 1973.0 156.0 Mais le prestige de Constantinople continue.

88.0 998.0 2083.0 190.0 En 629 Heraclius triomphe des Perses et Dagobert

96.0 1112.0 2003.0 185.0 lui envoye une ambassade (Vassil I 263)

109.0 1213.0 1995.0 202.0 Gregoire le Grand est l'intermédiaire d l'Em¬

101.0 1318.0 2369.0 203.0 pereur avec les Wisigoths catholiques (Hartman II 176)

134.0 1462.0 1898.0 185.0 Ebroïn (   ) permet le passage de pèlerins

101.0 1575.0 2045.0 198.0 anglo saxons à travers la Gaule quand il s'est

109.0 1689.0 2083.0 190.0 convaincu qu il ne s agit pas d'une "legatio

113.0 1832.0 1982.0 177.0 imperatorum contra regnum" (Hartmann

118.0 1971.0 687.0 127.0 II 2e p 198 n.2).

118.0 2051.0 2015.0 186.0 Au VIIe siecle on compte encore en Gaule par

122.0 2182.0 2024.0 185.0 les règnes des Empereurs (Vita Desiderii, p16)

113.0 2321.0 1978.0 148.0 Constantinople est le rendez-vous des in¬

118.0 2414.0 1977.0 160.0 trigants, des évêques bannis pour cause reli¬

113.0 2515.0 2050.0 181.0 gieuse. Gregoire de Tours, comme l'a démon¬

143.0 2641.0 1969.0 156.0 tré Carriére, est bien au courant de ce qui

134.0 2738.0 1982.0 164.0 s'y passe. Sur les voyages à Constantinople

122.0 2865.0 1994.0 164.0 Voy. Greg. Hist. VI. 24 p.263. Il y a des influ¬

113.0 2974.0 2028.0 164.0 ences religieuses. Les ascètes reçoivent des

122.0 3088.0 2028.0 185.0 herbes d'Egypte. Il y a un Slylate a Gory (Greg.

126.0 3214.0 704.0 177.0 VIII.15 p. 334).

118.0 3324.0 1998.0 181.0 Il semble qu'on va à Constantinople faire

118.0 3454.0 1969.0 161.0 ses études médicales. Paulus Eremitanus

130.0 3577.0 1868.0 185.0 Migne P. L. t.80 col.128. Greg, X.15,

109.0 3661.0 304.0 202.0 VII.25.

134.0 3804.0 1982.0 169.0 En 581 Leandre de Levamanus eveque espa¬

118.0 3926.0 1442.0 160.0 gnol en exil à Constantinople.

134.0 4049.0 1940.0 155.0 En somme, comme le Constate Hartmann,

130.0 4141.0 1923.0 202.0 II, 85, l Empire est resté malgré ses pertes

134.0 4276.0 2029.0 169.0 la seule puissance mondiale comme Constan¬

122.0 4390.0 2003.0 189.0 tinople est la plus grande ville civilisée. Sa

109.0 4491.0 1999.0 198.0 politique s'étend à tous les peuples. Elle do¬

130.0 4638.0 2024.0 152.0 mine absolument celle des Etats germaniques.

151.0 4748.0 1999.0 168.0 De même Dawson (p. 221) Constate qu'il n'y
