3978 5058
3331.0 75.0 406.0 308.0 200

1362.0 202.0 1117.0 214.0 Chapitre VI.

891.0 522.0 1944.0 230.0 Les débuts du Moyen-Age.

1876.0 880.0 166.0 101.0 1

755.0 935.0 2424.0 250.0 L'Organisation économique et sociale.

19.0 1239.0 2133.0 175.0 L'opinion courante considère le règne

25.0 1361.0 2064.0 161.0 de Charlemagne comme une époque de res¬

19.0 1471.0 2006.0 164.0 tauration économique. Pour un peu on

25.0 1563.0 2095.0 170.0 parlerait ici de renaissance comme dans

0.0 1660.0 2007.0 188.0 le domaine de lettres. Il y a là une erreur

0.0 1766.0 2003.0 189.0 évidente qui tient non seulement à la force

6.0 1882.0 2100.0 185.0 du préjugé en faveur du grand empereur, mais

5.0 1956.0 2100.0 201.0 qui s'explique aussi par ce que l'on pouvait

0.0 2069.0 2109.0 181.0 appeler une mauvaise perspective. On compare

10.0 2173.0 2044.0 162.0 la dernière phase de l'époque <.......> mérov.

0.0 2261.0 2040.0 189.0 à celle de Charlemagne et il n'est pas difficile

0.0 2377.0 2024.0 176.0 d y saisir un redressement. En Gaule l'ordre

11.0 2483.0 2009.0 167.0 succède à l'anarchie tandis que dans la

2.0 2583.0 2035.0 171.0 germanie conquise et évangélisée un pro¬

11.0 2689.0 2117.0 138.0 grès social évident Se constate sans peine.

13.0 2790.0 2047.0 172.0 Mais si l'on veut apprécier correctement la

2.0 2891.0 2092.0 177.0 réalité, il importe de comparer l'ensemble

8.0 2969.0 2130.0 209.0 des temps qui ont précédé l'ère carolingienne

4.0 3105.0 2058.0 166.0 avec celle-ci. On s'aperçoit alors que l'on se

20.0 3212.0 2009.0 162.0 trouve en présence de deux économies en

20.0 3344.0 785.0 116.0 plein contraste.

34.0 3422.0 1974.0 179.0 Avant le VIIIe s. ce qui existe c'est la conti¬

12.0 3529.0 2071.0 179.0 nuation de l'économie méditerranéenne an¬

0.0 3637.0 2084.0 181.0 tique. Après le VIIIe s. c'est une rupture com¬

8.0 3755.0 2054.0 141.0 plète avec cette même économie. La mer

6.0 3861.0 2056.0 141.0 et fermée. Le commerce a disparu. On se

10.0 3943.0 1968.0 162.0 trouve en présence d'un empire terrien

13.0 4066.0 1988.0 129.0 dont la terre est la seule richesse et où la

0.0 4161.0 1988.0 152.0 circulation des biens meubles est réduite

0.0 4255.0 2063.0 160.0 au minimum. Bien loin qu'il y ait progrès,

0.0 4317.0 2045.0 221.0 il y a régression. Les parties jadis les plus vi¬

11.0 4467.0 2034.0 194.0 vantes de la Gaule en sont maintenant les

8.0 4577.0 2008.0 173.0 plus pauvres. C'était le Sud qui donnait le

13.0 4692.0 1967.0 159.0 mouvement. Maintenant c'est le Nord

20.0 4819.0 1921.0 153.0 qui imprime sa signature à l'époque.

2096.0 3716.0 1835.0 147.0 210-214 du commerce du Nord qui est

2091.0 3821.0 1833.0 154.0 le seul qu'on invoque pr prouver la re¬

2088.0 4254.0 1818.0 131.0 A part lui, on peut encore mentionner une

2042.0 4365.0 1809.0 134.0 petite action autour de Venise et c'est

2029.0 4484.0 320.0 100.0 tout.

2175.0 3600.0 1689.0 179.0 Placer ici ce que je dis plus loin, p.

2071.0 3950.0 1818.0 132.0 naissance Econ. Carol. Mais sans re¬

2077.0 4058.0 1841.0 144.0 marquer qu'il est seul de son genre et

2072.0 4157.0 1420.0 135.0 est resté d'influence bornée.
