3978 5058
3361.0 29.0 396.0 236.0 173

27.0 6.0 2050.0 166.0 Vallée du Rhône et au mois d'Août sont de¬

10.0 108.0 2195.0 186.0 vant Autun qu'ils pillent. "Cum praeda magna

6.0 208.0 2067.0 161.0 Spania redeunt". Cela du moins les a mis en

14.0 301.0 2171.0 166.0 goût et il ne semble pas qu'il y ait eu résistance.

35.0 412.0 2143.0 155.0 Mais Eudes se sent menacé en Aquitaine et

13.0 501.0 2018.0 187.0 pour se garantir donne sa fille en mariage à

8.0 606.0 2047.0 155.0 Othman le chef arabe de la frontière. On ne com¬

21.0 701.0 1991.0 153.0 prend pas bien comment cela en 731 peut avoir

9.0 825.0 2038.0 163.0 provoqué une expédition de Charles contre lui.

19.0 910.0 2002.0 164.0 C'eut été la dernière des folies si heureusement les

1.0 1007.0 2066.0 182.0 Arabes d Espagne n'avaient pas été aussi agités

8.0 1138.0 2085.0 198.0 de troubles civils que les Chrétiens. En 732, le gouver¬

5.0 1270.0 2015.0 142.0 neur d Espagne Abdéraman qui a tué Othman

18.0 1357.0 2027.0 191.0 passe les Pyrénées, assiège Bordeaux, bat Eudes

20.0 1486.0 2096.0 177.0 au passage de la Garonne et en ravageant tout

30.0 1589.0 1967.0 151.0 monte vers la Loire. Eudes appelle Charles à

28.0 1680.0 2044.0 160.0 l'aide. En Octobre 732 celui-ci à la tête d'une

31.0 1792.0 2012.0 138.0 armée s. d. essentiellement composée d'Aus¬

17.0 1878.0 1944.0 153.0 trasiens bat et refoule l'envahisseur. Puis

43.0 2002.0 1255.0 144.0 s'en va sans pousser plus loin.

25.0 2089.0 2028.0 167.0 Mais l'année suivante 733 il arrive en Bour¬

35.0 2202.0 1939.0 156.0 gogne, s impose à Lyon et aux juntes rebelles et

20.0 2309.0 2036.0 142.0 infideles de ce pays et y place pr les contenir ses

34.0 2396.0 2015.0 168.0 leudes probatissimi (Ricther,195). Il y a donc

19.0 2502.0 1976.0 144.0 là une tentative certaine de s'imposer au

33.0 2599.0 1982.0 155.0 midi. Du côté de l'Aquitaine il compte s. d.

46.0 2691.0 2046.0 158.0 sur Eudes. On ne voit pas qu'il y ait dans tout

59.0 2822.0 1637.0 132.0 cela des mesures contre l'Islam.

42.0 2899.0 1994.0 207.0 Mais en 735 Eudes meurt et Charles se jette sur

42.0 3013.0 2018.0 192.0 son pays. Il en occupe les villes où il laisse sû¬

49.0 3126.0 2020.0 159.0 rement des vassaux à lui. Il ne fait rien contre

48.0 3228.0 1983.0 188.0 les Arabes qui sous Jussef viennent de se répandre

47.0 3317.0 2020.0 193.0 de Narbonne jusqu'à Arles sans doute en s'ap¬

57.0 3416.0 2045.0 176.0 puyant sur le traité précédent, car on ne voit

63.0 3520.0 2084.0 201.0 pas qu il y ait eu la moindre résistance. Ainsi

70.0 3652.0 1951.0 175.0 toute la Côte du golfe de Lyon est occupée par

63.0 3742.0 2068.0 193.0 l'Islam D après la chronique de Moissac les Sar¬

42.0 3851.0 2005.0 186.0 rasin seraient restés quatre ans dans le pays,

60.0 3986.0 939.0 185.0 à piller (Richter, 196).

53.0 4075.0 2171.0 215.0 Charles ne pouvant subjuguer l'Aquitaine y laisse

59.0 4224.0 2050.0 177.0 Chunold fils d Eudes comme duc moyennant ser¬

65.0 4337.0 1913.0 169.0 ment de vassalité (Richter, 196) Puis il se dirige

55.0 4414.0 2062.0 216.0 vers la vallée du Rhône qu'il soumet jusqu'à

67.0 4538.0 1998.0 182.0 Marseille et Arles "suis judicibus consti¬

61.0 4664.0 2025.0 184.0 tuit". Il n'y a pas de doute que c'est une prise de

70.0 4767.0 2093.0 183.0 possession par les gens du Nord. Mais elle provoque

64.0 4845.0 1950.0 208.0 une réaction à la tête de laquelle apparait
