3960 5049
3206.0 134.0 457.0 431.0 139

78.0 51.0 1914.0 214.0 Jusqu'en 659-677 on se servait exclusive¬

87.0 165.0 1925.0 186.0 ment de papyrus à la chancellerie royale

79.0 277.0 1936.0 178.0 mérovingienne. Puis apparait le parchemin

69.0 362.0 1885.0 172.0 Le dernier acte royal sur papyrus serait de

84.0 435.0 1900.0 197.0 692. Quelques actes privés ont encore été écrits

79.0 536.0 1969.0 190.0 sur cette matière jusque vers la fin du VIIIe siè¬

62.0 660.0 824.0 156.0 cle. Puis c'est la fin.

70.0 726.0 1970.0 199.0 Et ceci ne peut s expliquer par la cessation de la

70.0 852.0 2040.0 181.0 fabrication puisqu'elle continua comme le prouve

71.0 949.0 2001.0 160.0 jusqu'à l'évidence les beaux actes sur papy¬

62.0 1043.0 1986.0 173.0 rus du Musée arabe du Caire. C'est donc le

65.0 1164.0 2048.0 159.0 ralentissement puis la cessation du commerce

70.0 1251.0 1987.0 195.0 qu'il faut invoquer. Le parchemin semble

78.0 1353.0 2069.0 182.0 au debut avoir été peu répandu. Grégoire qui

67.0 1486.0 2015.0 160.0 l appelle membrana ne le cite qu'une fois

67.0 1596.0 2025.0 167.0 (Vitae Patrum p.742) et semble indiquer

65.0 1706.0 1965.0 167.0 qu'il était fabriqué par les moines pour

77.0 1803.0 2022.0 194.0 leur usage. Or on sait combien sont tenaces

57.0 1904.0 1977.0 197.0 les usages de chancellerie. Puisqu'à la fin du

47.0 2016.0 1987.0 171.0 VIIe s. les bureaux du roi aient cessé de se

63.0 2117.0 1985.0 199.0 servir de papyrus, c'est qu'il devenait fort

78.0 2224.0 1984.0 177.0 difficile de s'en procurer, au moins de belles

80.0 2328.0 2019.0 180.0 feuilles. Les particuliers auront quelque temps

64.0 2451.0 1993.0 171.0 encore utilisés vieux stocs, puis c'est la

56.0 2558.0 171.0 142.0 fin.

79.0 2636.0 2006.0 228.0 Mais qu'il y ait eu une raréfaction terrible

55.0 2770.0 1988.0 178.0 s etablit encore par le fait que tous les brasier

46.0 2869.0 2030.0 213.0 sur papyrus que nous connaissons sont du VI-

74.0 2991.0 1023.0 173.0 VIIe siècle (Erbau, p.10).

54.0 3102.0 2017.0 183.0 Il s est conservés un peu de papyrus en Italie.

63.0 3228.0 1952.0 159.0 Les papes s'en sont servis pour la dernière fois

66.0 3316.0 2063.0 193.0 en 1057. Faut-il admettre avec Breslau que c'est

49.0 3416.0 2031.0 184.0 la fin de vieux stocs ? Venait-il le Sicile où les

79.0 3520.0 1959.0 176.0 arabes en introduisirent la fabrication

54.0 3640.0 2003.0 154.0 au Xe s. ? Karabaick nie cette provenance

51.0 3733.0 1992.0 190.0 sicilienne. Alors on peut supposer que l'on se le

65.0 3842.0 2073.0 175.0 procurait par le commerce de ports byzantins.

58.0 3954.0 1446.0 202.0 Naples, Gaète, Amalfi ou Venise.

46.0 4084.0 1997.0 202.0 Mais pour la Gaule, c'est bien fini. On l'a nié

1850.0 4202.0 105.0 58.0 un

36.0 4200.0 2066.0 203.0 en invoquant un texte duivant dans < les > mss.

52.0 4310.0 1965.0 174.0 la transcription des fameux statuts de l'abbé

34.0 4427.0 2020.0 184.0 Adalard de Corbie. D après Lesne et Levillain ce

41.0 4527.0 2105.0 191.0 ms. doit avoir été écrit peu après 986. Or comme

60.0 4643.0 2072.0 201.0 les statuts qu'il suit ont été composés en 822,

59.0 4782.0 2211.0 180.0 on s accorde généralement à le dater de 822-986.

2080.0 221.0 1106.0 157.0 Le Ier sur parch. de 12 sept

3025.0 330.0 137.0 107.0 677

2261.0 950.0 1604.0 166.0 VIIe - XIe s. Plusieurs feuilles magnifiques.
