4042 5032
3588.0 58.0 218.0 373.0 9

58.0 100.0 1965.0 134.0 On peut supposer de plus qu ils avaient pu

50.0 176.0 2023.0 134.0 être influencé par ce qu ils avaient pris au con¬

50.0 280.0 2006.0 147.0 tact de traditions grecques de bords de la mer

58.0 377.0 1994.0 147.0 noire. Sûrement les germains gothiques é¬

67.0 482.0 2040.0 121.0 taient plus cultivés que les Francs, les Alamans

62.0 570.0 2087.0 138.0 et les Lombards et autres Saxons. Dans la plaine

58.0 641.0 2078.0 155.0 russe où ils étaient ils avaient sans doute subi

71.0 742.0 2040.0 163.0 des contacts maritimes avec le Bosphore où ve¬

58.0 842.0 1977.0 181.0 nait en 330 de se fonder Constantinople la

58.0 947.0 2095.0 181.0 nouvelle grande ville sur l'emplacement de la grec¬

71.0 1044.0 2044.0 209.0 que Byzance (11 mai 330) Ulfila n'est s. d.

62.0 1157.0 2116.0 193.0 pas le seul d'entre eux qui y ait été. Le cours

58.0 1274.0 2032.0 151.0 naturel des choses les destinait à subir par

96.0 1392.0 2069.0 167.0 a mer, la magnifique Vibrantede civilisation,

67.0 1492.0 2061.0 172.0 a influence comme plus tard devaient

75.0 1643.0 1129.0 147.0 la subir des Varègues.

75.0 1744.0 2023.0 159.0 Ce n'est pas spontanément qu'ils se sont je¬

71.0 1828.0 2010.0 184.0 tés sur l'Empire. Ils y ont été poussés et c'est

75.0 1928.0 1990.0 198.0 là sans doute ce qui a déterminé toute la

67.0 2046.0 2014.0 168.0 suite. Pour la première fois, la civilisation de

67.0 2151.0 2111.0 159.0 l'Europe devait ressentir le contre coup Orien¬

83.0 2281.0 2078.0 142.0 tal à travers l immense trouée de la plaine

67.0 2369.0 2073.0 151.0 sarmates et des chocs de population dans l'ex¬

75.0 2499.0 1633.0 142.0 trême Asie se répercuter sur elle

92.0 2612.0 2031.0 180.0 L'arrivée des Huns devait jeter les Goths sur

96.0 2746.0 2069.0 172.0 L'Empire. Il semble que leur manière de com¬

109.0 2847.0 2040.0 180.0 battre, leur aspect peut-être, leur nomadisme

92.0 2935.0 2111.0 201.0 si terrible partout pour les sédentaires, les aient

79.0 3073.0 2070.0 155.0 rendus invincibles. Illustrer ici les excellentes

92.0 3195.0 2019.0 168.0 remarques de Gauthier sur le Nomadisme

92.0 3321.0 2057.0 159.0 dans Genséric in fine. Bref les Ostrogoths fu¬

92.0 3446.0 2057.0 143.0 rent poussés sur la Pannonie après leur défaite

83.0 3572.0 1851.0 118.0 et les Wisigoths fuirent vers le Danube.

797.0 3648.0 411.0 75.0 en automne

96.0 3673.0 2053.0 134.0 C'était en 376. Il fallut les laisser passer. Com¬

83.0 3790.0 2078.0 139.0 bien étaiaent-ils ? Dahn Könige VI.50 dit stu¬

79.0 3891.0 1952.0 142.0 pidement un million. Impossible de rien

92.0 3983.0 2103.0 168.0 préciser. L. Schmidt suppose 40000 Ames dont

104.0 4101.0 1637.0 163.0 8000 guerriers (grande Note Wisig.).

92.0 4205.0 2031.0 126.0 Ils y entrèrent avec leurs ducs comme un peu¬

92.0 4327.0 2010.0 130.0 ple, du consentement de l'Empereur qui les

79.0 4407.0 2032.0 138.0 reconnut comme fédérés obliges de fournir des

83.0 4495.0 2078.0 147.0 recrues à l'armée romaine. C est un fait nou¬

117.0 4608.0 1985.0 159.0 veau. Avec eux donc un corps étranger entre

109.0 4700.0 2165.0 197.0 dans l'Empire. Ils conservent leur droit national

2207.0 998.0 789.0 171.0 Albertini p.359.

2190.0 3753.0 848.0 243.0 d'après Europe

2253.0 4054.0 685.0 269.0 Ludwig
