4090 5080
3564.0 36.0 415.0 247.0 102

110.0 3.0 1989.0 137.0 Lui m. moine est cependant envoyé par le

90.0 116.0 1978.0 141.0 pape comme nonce à Constantinople en 580

96.0 197.0 1231.0 161.0 En 590 le voilà pape + 604.

96.0 300.0 2018.0 151.0 Comme écrivain il est simple. Il dit lui même

93.0 417.0 2060.0 149.0 qu il dedaigne les fleurs de la rhétorique profane

98.0 488.0 2120.0 147.0 qu il considère comme un verbiage stérile (Ebert

115.0 596.0 1928.0 140.0 I, 588) Pourtant il était instruit. Mais le

98.0 674.0 1937.0 181.0 fond l'emporte sur la forme et l'on peut voir ici

107.0 762.0 1967.0 163.0 rupture avec la tradition de l rhetorique antique.

102.0 872.0 1944.0 149.0 Cela devait arriver non seulement parceque

96.0 944.0 1947.0 187.0 cette rhetorique était évidemment stérile,

112.0 1034.0 2027.0 193.0 mais aussi parceque l ascetisme qui rappelait

113.0 1140.0 2049.0 186.0 l Eglise à sa mission la conduisait au peuple.

103.0 1244.0 2093.0 220.0 Deja Eugippius, dans sa vie de s. Severin ne veut

112.0 1354.0 1971.0 172.0 pas d'un style tel que les illettrés auraient

116.0 1447.0 2009.0 184.0 de la peine à le comprendre (Ebert I. 482) De m.

99.0 1563.0 1964.0 158.0 S. Césaire d'Arles dit expressément qu'il a

110.0 1665.0 1992.0 157.0 grand soin de pouvoir être compris des illet¬

106.0 1778.0 732.0 176.0 trés (Ibid. 503).

132.0 1859.0 1942.0 229.0 Ainsi l'Eglise s'adapte. Elle refait de la

108.0 1981.0 2031.0 179.0 littérature un instrument de culture pour

103.0 2056.0 1980.0 189.0 le peuple et pour elle cela veut dire un Élément

107.0 2152.0 1961.0 226.0 d'édification. Grégoire le Grand a rompu dit

114.0 2283.0 2034.0 196.0 Roger p. 187 suiv. avec les lettres antiques.

110.0 2384.0 2012.0 179.0 Il blâme Didier, évêque de Vienne, de s'a¬

112.0 2502.0 1962.0 161.0 donner à l'enseignement de la grammaire

123.0 2596.0 1920.0 168.0 et de chanter, lui chrétien, les louanges de

111.0 2692.0 1125.0 208.0 Jupiter (Jaffé N° 1824).

129.0 2796.0 1917.0 174.0 Ainsi, L'Eglise consciente de sa mission se

104.0 2892.0 1964.0 177.0 sert du latin Vulgaire ou pour mieux dire

113.0 2986.0 1919.0 161.0 d'un latin sans rhétorique accessible au

111.0 3078.0 1966.0 146.0 peuple. Ennodius parle (Ep. 171, cité par

107.0 3154.0 2018.0 178.0 Von Schubert, p. 67) de sa "furor nolle rus¬

121.0 3257.0 1956.0 170.0 ticari" Elle veut écrire dans ce latin du peu¬

108.0 3364.0 1970.0 166.0 ple qui est une langue vivante, la langue du

119.0 3430.0 2024.0 176.0 temps. Elle écrit pour le peuple des Vies de Saints,

124.0 3536.0 1976.0 150.0 purs écrits d'édification miraculeuse. Son

122.0 3628.0 2003.0 167.0 latin est une langue vivante qui ne se prèoc¬

128.0 3718.0 1209.0 165.0 cupe plus des incorrections.

146.0 3814.0 1968.0 187.0 Et cette simplicité de langue qui est celle d'Isi-

134.0 3934.0 1940.0 166.0 dore de Séville +636 n'est pas exclusive de

123.0 4032.0 2039.0 167.0 la science. Isidore est un compilateur qui veut

117.0 4131.0 2008.0 165.0 mettre la Science antique à la portée de ses con¬

130.0 4216.0 1930.0 174.0 temporains. De l'esprit antique plus rien ne

116.0 4310.0 1973.0 229.0 subsiste chez lui. Mais il y a des recettes, des faits

128.0 4412.0 2005.0 191.0 etc. qu'il faut connaîtres Il a été l'Encyclopédie

118.0 4527.0 2011.0 188.0 du Moyen-Age. Et il faut remarquer qu il est

126.0 4627.0 1223.0 159.0 encore un méditerranéen.

133.0 4687.0 1995.0 185.0 Ainsi c'est encore dans la Romania du Sud

130.0 4800.0 2046.0 178.0 que s'opère cette orientation nouvelle que l'es¬

131.0 4910.0 2005.0 150.0 prit chrétien donne à la littérature. Il au¬

2227.0 3095.0 1673.0 251.0 Greg. I p. 31 "philosophantem rhetorem

2348.0 3214.0 1550.0 202.0 intelligunt pauci, loquentem rusti¬

2359.0 3372.0 599.0 130.0 cum, multi".
