3978 5058
3476.0 42.0 362.0 328.0 177

1898.0 101.0 217.0 177.0 III

1126.0 244.0 1777.0 217.0 L'Italie, le pape et Byzance.

1038.0 383.0 1905.0 211.0 La volte-face de la papauté.

130.0 687.0 2024.0 193.0 L'Eglise à la chute du gouvernement im¬

94.0 805.0 2040.0 171.0 périal en Occident avait fidèlement conser¬

98.0 909.0 1992.0 157.0 vé le souvenir et la révérence de cet Empire

74.0 1004.0 2022.0 187.0 Romain dont son organisation représentait

92.0 1109.0 2024.0 166.0 l'image avec ses diocèses (civitates) et ses pro¬

74.0 1191.0 2043.0 164.0 vinces. Elle ne le vénérait pas seulement, elle

82.0 1313.0 2069.0 147.0 le continuait dans un certain sens, puisque

74.0 1403.0 1986.0 157.0 tout son haut personnel étant formé des

82.0 1497.0 2035.0 169.0 descendants des vieilles familles sénatoriales

88.0 1597.0 1992.0 164.0 qui en conservaient le respect et le regret.

98.0 1698.0 2019.0 184.0 Pour l'Eglise l évènement de 476 n'avait eu

86.0 1795.0 2016.0 180.0 aucune importance. L'Eglise Avait vénéré

92.0 1881.0 2072.0 192.0 l'empereur de Ravenne, elle vénérait main¬

90.0 2000.0 1998.0 168.0 tenant l'empereur de Constantinople. Elle

77.0 2099.0 2040.0 157.0 le reconnaissait pour son chef. A Rome le

265.0 2220.0 502.0 77.0 etait son sujet

92.0 2209.0 2060.0 177.0 pape correspondait avec lui et entretenait

90.0 2313.0 2070.0 162.0 un apocrisiaire à Constantinople (le der¬

90.0 2394.0 2064.0 181.0 nier disparut en 74   ?). Il se rendait fidèlement

104.0 2517.0 1865.0 170.0 aux synodes et à ses autres convocations.

100.0 2596.0 2158.0 182.0 L'empereur lui-même, quand les choses étaient

92.0 2713.0 2104.0 174.0 normales, le regardait et le vénérait comme

107.0 2805.0 2019.0 181.0 le premier patriarche de l'Empire, ayant la

92.0 2914.0 2034.0 160.0 primauté sur ceux de Constantinople, de Jé¬

113.0 3033.0 1833.0 154.0 rusalem, d'Antioche et d'Alexandrie.

109.0 3128.0 2060.0 158.0 Et cette adhésion sans réserve de l'Eglise d'Oc¬

94.0 3234.0 2065.0 168.0 cident à l'Empire s explique d'autant mieux

98.0 3342.0 2113.0 196.0 que jusqu'à Grégoire le Grand les limites d l'Em¬

104.0 3456.0 2094.0 163.0 pire étaient celles de l'Eglise ou à bien peu près.

157.0 3589.0 1934.0 154.0 Evidemment la formation des Royaumes avait

112.0 3671.0 2009.0 182.0 divisé l'Eglise en plusieurs compartiments sou¬

106.0 3780.0 2011.0 168.0 mis aux divers rois. Et on a vu que son loyalisme

117.0 3870.0 1974.0 193.0 était très grand. Si l'Empire subsistait pour

103.0 3973.0 2120.0 176.0 elle comme un idéal, il n'était plus une réalité.

115.0 4069.0 2071.0 181.0 Mais il en restait une pour le pape de Rome. Lui,

125.0 4179.0 2051.0 161.0 pas même sous Theodoric qu'il n avait jamais

124.0 4277.0 1955.0 178.0 considéré que comme un fonctionnaire, n'avait

118.0 4358.0 2033.0 159.0 cessé de vivre sous l'Empereur. La reconquête de

130.0 4436.0 2025.0 171.0 Justinien avait même renforcé sa subordina¬

135.0 4536.0 1978.0 200.0 tion. <.. . ..... à Rome un .... ......... ..>

122.0 4623.0 2018.0 200.0 <.. ....... .. .......>. Le pape, élu par le clergé

112.0 4737.0 2053.0 170.0 le peuple demandait sa ratification à l'Em¬

2180.0 1412.0 1589.0 189.0 Toute l'Eglise vit sous le droit romain.

2222.0 2885.0 1663.0 222.0 Grégoire le Grand obtient de Phocas, contre

2171.0 3003.0 1709.0 196.0 le patriarche de Const. qui avait pris le

2205.0 3112.0 1755.0 170.0 titre d oecuménique, d'être reconnu comme

2225.0 3182.0 1702.0 188.0 "la tête de toutes les Eglises" Vassiliev I, 228.

2269.0 3949.0 1703.0 169.0 Il date par les <......> années d l'Empereur.
