4090 5056
3444.0 101.0 296.0 257.0 48

130.0 75.0 2058.0 127.0 rien d'une armée romaine ni de fede¬

126.0 164.0 2070.0 164.0 rati. Ils s'imposent à la population romai¬

101.0 273.0 2053.0 131.0 ne, prennent ses terres, la réduisent plus ou

96.0 353.0 2189.0 148.0 moins à la condition d'ilotes. C est un contraste

88.0 450.0 2087.0 152.0 aussi fort qu'il est possible avec Théodoric.

84.0 577.0 2074.0 135.0 Les ducs et les rois apparaissent puremt ger¬

130.0 678.0 1995.0 160.0 . Les farae c. a. d. les Sippen se

105.0 792.0 1986.0 134.0 sont conservées. Le roi est élu par l'armée. Le

96.0 901.0 1455.0 131.0 droit purement germanique.

118.0 973.0 2066.0 164.0 Et ils ont la partie belle, Byzance étant para¬

109.0 1099.0 2016.0 152.0 lysée par la guerre contre les Perses et par les

109.0 1242.0 902.0 93.0 invasions Slaves.

118.0 1268.0 2002.0 185.0 Pourtant, alors que Totila avait pu en quel¬

118.0 1398.0 1939.0 190.0 ques années reprendre toute l'Italie, ils

109.0 1512.0 1990.0 173.0 ne parviennent pas à en finir avec les By¬

109.0 1626.0 1860.0 168.0 zantins malgré tous leurs embarras.

118.0 1731.0 2091.0 194.0 A un certain point de vue leur arrivée à même

105.0 1879.0 1969.0 151.0 profité à Byzance en rejetant vers elle la

105.0 1984.0 2028.0 135.0 papauté à laquelle elle apparait comme le

109.0 2077.0 1948.0 177.0 seul appui. Le pape devient sans doute à

109.0 2186.0 2075.0 160.0 partir de ce moment dans la ville rui¬

126.0 2313.0 2024.0 147.0 née le vrai gouverneur de Rome, mais il la

109.0 2447.0 2041.0 127.0 garde pour l'Empire. Il applaudit à l'é¬

109.0 2557.0 2054.0 147.0 lection de l'abominable Phocas. Grégoire

134.0 2696.0 2007.0 135.0 le Grand prodigue les promesses de

113.0 2793.0 2092.0 147.0 devouement à l'empereur. Et cela est d'au¬

109.0 2911.0 2054.0 160.0 tant mieux que depuis le schisme d'A¬

122.0 3029.0 2041.0 173.0 cace (489-519) il n'y a plus de conflits reli¬

118.0 3147.0 1998.0 173.0 gieux, grâce à justinien, avant le mono¬

109.0 3256.0 2087.0 165.0 héletisme (640-681). Le pape est ratifié par

139.0 3345.0 1986.0 194.0 exarque ce qui indique bien sa subordina¬

118.0 3488.0 1969.0 148.0 tion à l'Empire. Il continue à vivre dans

118.0 3602.0 2078.0 156.0 l'Empire et à s'en considérer comme un sujet.

189.0 3720.0 2012.0 152.0 Et de même l'invasion lombarde a resserré

118.0 3825.0 2015.0 169.0 les liens entre l'Empereur et les Francs dont

113.0 3926.0 2050.0 182.0 a conduite avait été si hostile sous Justinien.

122.0 4057.0 1982.0 164.0 Il a (l'empereur) pour agir sur eux et pour

113.0 4150.0 2028.0 151.0 agir d'ailleurs sur les Lombards, son trésor

109.0 4284.0 1796.0 123.0 qui parait vraiement inépuisable.

139.0 4373.0 1956.0 168.0 Les expéditions malheureuses des Lombards en

118.0 4478.0 1973.0 181.0 Gaule de 569 à 571 amène une entente des

105.0 4592.0 1041.0 156.0 Francs avec Byzance.

118.0 4693.0 1897.0 156.0 En 576 le Sénat demandant des secours à

134.0 4820.0 1902.0 139.0 l'empereur, celui-ci ne peut envoyer que des

2163.0 1272.0 1792.0 206.0 La stupidité de leur politique de pillard est

2213.0 1381.0 1780.0 207.0 qu'ils se brouillent tout de suite avec les

2255.0 1529.0 384.0 156.0 Francs.
