4090 5056
3478.0 12.0 422.0 261.0 36

98.0 38.0 2034.0 189.0 parce que les rois vivent ds un milieu moins

92.0 148.0 2068.0 193.0 romanisé. Riens qui ressemble ds le bassin

103.0 266.0 2051.0 192.0 d l Seine à Ravenne, Toulouse, Lyon ou Carthage.

95.0 399.0 1317.0 143.0 Et que de ravages il y a eu là.

92.0 466.0 2056.0 186.0 Mais enfin, ils conservent tout ce qu'ils peuvent

84.0 598.0 1935.0 156.0 et ce n est pas le bonne volonté qui leur

78.0 690.0 2034.0 180.0 manque. Leur Etat est plus barbare mais

92.0 777.0 1958.0 201.0 il n'est pas plus germanique. Ici aussi

92.0 904.0 1983.0 157.0 les curus municipales, les impôts la mon¬

109.0 994.0 2041.0 179.0 naie sont conservés. Ici aussi il y a des comtes

89.0 1121.0 2026.0 182.0 dans chaque cité - les provinces ayant dis¬

89.0 1207.0 1981.0 185.0 paru. Ici aussi presque si pas tous les agents

99.0 1305.0 2100.0 183.0 du roi sont recrutés parmi les Gallo Romains.

92.0 1440.0 1995.0 166.0 Pas d'assemblées publiques. De germanique

109.0 1517.0 1930.0 216.0 qu a le Roi? Ses longs cheveux. Le préjugé

98.0 1643.0 2048.0 193.0 est si fort qu'on a été jusqu'à prendre en fa¬

88.0 1775.0 2032.0 175.0 veur de sa nature germanique une ca¬

109.0 1893.0 2064.0 172.0 ricature d'Eginhard pour argent comptant.

120.0 2002.0 1984.0 180.0 Le Roi ici aussi est le centre de tout. C'est

96.0 2102.0 2029.0 202.0 Un despote absolutiste. Mais tout de même

101.0 2238.0 1980.0 197.0 il gouverne. Il inscrit dans ses praecep¬

89.0 2353.0 2009.0 206.0 tiones "si quis pracepta nostra contemp¬

80.0 2466.0 1965.0 182.0 serit, occulorum avertione mulitetur"

101.0 2606.0 1140.0 166.0 (Gregoire VI 46 p.287).

129.0 2684.0 2019.0 200.0 Le roi a dans ses bureaux plusieurs référen¬

106.0 2801.0 1983.0 193.0 daris c. ds le droit romain et qui sont ju¬

101.0 2932.0 1733.0 201.0 risconsultes (Breslau I, 360-362).

162.0 3061.0 1967.0 224.0 Il y a chez eux cette chose romaine entre

103.0 3179.0 2242.0 183.0 toutes le Crimen laesae majestatis (Gregoire

157.0 3320.0 1539.0 173.0 V. 25. VI 37 IX 13 IX 14 XI9).

116.0 3428.0 2013.0 236.0 Le grafio, le thunginus, les rachimburgi n'e¬

95.0 3519.0 2017.0 245.0 xistent que dans le Nord. L armée travaille

101.0 3655.0 1990.0 195.0 parfois, comme : Byzance, à la création du

109.0 3776.0 2001.0 176.0 Roi. De veritable assemblée publique Waitz lui

109.0 3909.0 1944.0 179.0 même II2 p.241 constate qu il n'y en a pas.

98.0 4023.0 2018.0 187.0 Le leudesamio germanique d'après Waitz est

106.0 4148.0 2054.0 152.0 romain d'après Brunner II.61. Le Commenda¬

117.0 4261.0 2071.0 197.0 tio aussi d'origine romaine (Brunner II 271)

149.0 4393.0 1966.0 174.0 Le roi n'a pas un caractère si privé que

125.0 4508.0 2007.0 199.0 ça. On distingue sa fortune privée du fisc

143.0 4622.0 1990.0 181.0 public. Sans doute c'est moins marqué

139.0 4748.0 2165.0 185.0 que chez les Wisigoths. Il y a les partages, consé¬

2093.0 503.0 1835.0 205.0 H. V. Sybel, Die Entstehung des Deutschen

2199.0 601.0 1638.0 190.0 Königthums (2e ed. 81) a bien vu. Voy.

2244.0 691.0 1660.0 185.0 contre lui la polémique de Waitz II? p.

2238.0 879.0 318.0 144.0 81 sqq.

2593.0 897.0 1357.0 205.0 Waitz II 2 p.273 allègue le refus des

2494.0 972.0 1525.0 179.0 Germains de payer l 'impôt personnel. Il

2502.0 1052.0 1522.0 170.0 est considéré c. incomptatible avec l'in¬

2582.0 1128.0 1402.0 164.0 genuitas. Mais ça n a rien de germa¬

2637.0 1182.0 1357.0 159.0 nique. Il cite n. 3 un texte de concile

2640.0 1249.0 1329.0 179.0 qui le prouve jusqu'à l'évidence.

2251.0 1373.0 1316.0 228.0 C que Waitz II1 p.205 sq dit du

2470.0 1432.0 1388.0 236.0 des Deutschen Charakters du Roi

2247.0 1659.0 432.0 110.0 est nul.

2475.0 1685.0 1439.0 223.0 M. le meilleur général de l'époque

2517.0 1773.0 1501.0 211.0 Mummolus semble Gallo Rom Lot-Glotz

2495.0 1964.0 270.0 95.0 p.271.

2229.0 1942.0 1696.0 306.0 Quoique le mot ban désigne ce pouvoir,

2205.0 2078.0 1736.0 214.0 celui-ci n'est pas germanique. Le vieux

2154.0 2182.0 1671.0 173.0 mot militaire s'est conservé et c'est tout.

2112.0 2307.0 1897.0 224.0 Waitz II1 p 212 cite Greg IX.80 agendo contra

2185.0 2390.0 1764.0 241.0 voluntatem vestram atque utilitatem pu¬

2181.0 2601.0 437.0 95.0 blicam.

2404.0 2609.0 1551.0 233.0 De tous les Mérov. seul Thierry, fils ainé

2282.0 2695.0 1702.0 279.0 de Clovis (+534) a laissé son nom dans la poesie

2230.0 2763.0 1727.0 320.0 germanique, s. d. a cause de sa terrible expédit. de

2272.0 2864.0 1604.0 242.0 Thuringe. Il est le Hügdietrich de l'épopée, Voy.

2328.0 3033.0 899.0 163.0 Lot - Glotz, p.200 n.98.

2268.0 3324.0 1657.0 194.0 Waitz II 2 p. 122 sqq s'efforce de prouver que

2165.0 3415.0 1700.0 195.0 les fonctionn. Mérov. ne sont pas romains.

2193.0 3499.0 1728.0 188.0 Il n y a pl séparat. du militaire et du civil ; le

2175.0 3604.0 1760.0 167.0 roi leur donne le ban, ils n'ont pas de traite¬

2158.0 3682.0 1812.0 168.0 ment ! C'est tiré par les cheveux pr les besoins

2168.0 3744.0 1804.0 188.0 de la cause. Il avoue d'ailleurs que l'admi¬

2188.0 3840.0 1713.0 158.0 nistration etait etrangère aux Germains

2171.0 3899.0 1764.0 213.0 (p.124). - Il oublie les fonctionnaires escla

2224.0 4066.0 748.0 122.0 ves et romains.

3442.0 4591.0 515.0 135.0 Chez les Angl Sax

2323.0 4710.0 1147.0 135.0 Il n y a que domaine royal Voy

2384.0 4835.0 372.0 153.0 II.p 790.
