3978 5058
3419.0 51.0 343.0 209.0 203

3.0 4.0 2012.0 178.0 des plus riches Eglises du royaume de ce qui

0.0 118.0 2095.0 148.0 dut se passer ailleurs. Le rapport de Leidrade

1.0 222.0 2015.0 169.0 sur Lyon nous apprend d'ailleurs que les choses

0.0 304.0 2101.0 167.0 n'y allaient pas mieux. Boniface ne reçoit

0.0 422.0 2046.0 153.0 d'encens que par les petits paquets que lui

2.0 512.0 2077.0 171.0 envoyent ses amis de Rome. Evidemment

8.0 618.0 2081.0 149.0 tout a été sous Charles Martel impitoyable¬

9.0 738.0 2032.0 148.0 ment sacrifié aux nécessités militaires.

42.0 842.0 1987.0 138.0 <.... .. ..... ......> Quant aux mon¬

0.0 961.0 2036.0 121.0 naies, elles sont dans un désordre affreux.

0.0 1045.0 1979.0 151.0 Il n'y a pour ainsi dire plus d'or. "Au VIIIe s.

14.0 1173.0 2009.0 115.0 nous voyons apparaître dans les contrats de

4.0 1256.0 2526.0 124.0 fréquentes mentions de prix de vente acquit¬

14.0 1329.0 2110.0 161.0 tés en blés ou en animaux" Prou Merov. p. VII

2.0 1432.0 2011.0 164.0 Les faux monnayeurs font rage. Il n'y a pl pour

2.0 1540.0 1343.0 122.0 les monnaies ni poids, ni aloi.

27.0 1576.0 2015.0 178.0 Pepin entreprit sans grand succès de réformer

14.0 1701.0 1988.0 142.0 cela. Mais il prit une double initiative qui le

3.0 1807.0 2177.0 136.0 faisait rompre avec le Système monétaire mé¬

15.0 1896.0 2028.0 164.0 diterranéen des Merovingiens. On ne frappe pl

0.0 1983.0 2440.0 152.0 que de l'argent et le sou comprendre désormais

0.0 2083.0 2024.0 166.0 12 deniers, le denier étant maintenant la

4.0 2181.0 2024.0 173.0 seule monnaye réelle. La livre de 327 gr. d'ar¬

10.0 2296.0 2006.0 159.0 gent comprends 22 sous ou 264 d. ce qui fut

0.0 2406.0 2073.0 142.0 réduit par Charles à 20 sous et 240 d. (Lus¬

3.0 2510.0 2002.0 150.0 chin p. 84). Charlemagne acheva la réforme

6.0 2583.0 2017.0 163.0 monétaire de son père. Il est le fondateur du

0.0 2687.0 2137.0 157.0 système monétaire médiéval <..>. Ce système

16.0 2787.0 2034.0 163.0 a donc été établi à une époque où la circulation

0.0 2902.0 2033.0 158.0 monétaire a atteint le degré le plus bas qu'elle

1.0 3007.0 2047.0 169.0 ait jamais atteint. Charlemagne l'a adapté à

0.0 3114.0 2119.0 175.0 une époque où le grand commerce a disparu.

0.0 3218.0 1987.0 162.0 Celui-ci s'était servi de l'or et que ce métal

0.0 3319.0 2045.0 177.0 ait été frappé à cause de lui on n'en peut dou¬

9.0 3426.0 1969.0 173.0 ter quand on le voit se perpétuer avec le no¬

5.0 3537.0 1982.0 173.0 misma et l'hyperpêre, continuateurs du sou

8.0 3607.0 1966.0 163.0 d or, dans le monde commercial byzantin

3.0 3705.0 2015.0 154.0 et s'installer dans celui de l'Islam. Dans

1.0 3801.0 1997.0 163.0 l empire carolingien lui même il est ca¬

5.0 3907.0 2045.0 173.0 ractéristique que l'on frappe encore pendant

20.0 4000.0 1960.0 183.0 un petit temps quelques pièces d'or là où

19.0 4121.0 2065.0 137.0 se conserve l'<.>activité commerciale, c. a. d.

0.0 4207.0 2014.0 190.0 au pied des Pyrénées où il y a quelque rela¬

9.0 4315.0 2049.0 182.0 tions avec l'Espagne Musulmane et en

17.0 4411.0 2008.0 173.0 Frise où <...> commerce scandinave entre¬

11.0 4530.0 2051.0 157.0 tient un certain mouvement d'affaires.

23.0 4643.0 1955.0 179.0 Mais il ne peut être question de voir dans ce

51.0 4773.0 1994.0 155.0 petit monnayage d'or la preuve d'un systè¬

54.0 4878.0 1908.0 120.0 me bimétalliste. Dopsch Naturalw und

2159.0 2124.0 970.0 137.0 C'est la livre romaine.

2116.0 3216.0 1845.0 178.0 Prou p. XXXII sq. Charlemagne a frappé quelques

2045.0 3326.0 208.0 85.0 tiers de

2057.0 3313.0 1921.0 162.0 sous d or ds le royaume lombard avant d'y impor¬

2028.0 3373.0 1868.0 168.0 ter son Système (ce qui prouve bien qu'il ne frappe

2008.0 3449.0 1939.0 158.0 pas d'or normalement). - On a quelques sous d'or

2003.0 3569.0 1974.0 100.0 de l'atelier d Uzés du temps de Charlemagne <.> On a

2011.0 3639.0 1930.0 115.0 de belles pièces d or de Louis le Pieux avec Munus

2026.0 3718.0 1910.0 110.0 divinum "Le cours de cette pièce a été assez ré¬

2076.0 3788.0 1739.0 152.0 pandu pour qu'elle ait été imitée par les

2076.0 3872.0 1784.0 142.0 peuples commerçants du Nord, probablement

2052.0 3948.0 1904.0 137.0 les Frisons" (p.XXXIII) La plupart des exempl. pro¬

2106.0 4036.0 1767.0 128.0 viennent de le Frise, mais on en a découvert en

2125.0 4113.0 1715.0 151.0 Norvège. "En résumé, s'il est vrai qu'on

2138.0 4210.0 1751.0 163.0 rencontre quelques monnaies d'or, d'un ca¬

2136.0 4288.0 1783.0 159.0 ractère tout à fait exceptionnel, frappées aux

2125.0 4394.0 1768.0 128.0 noms de Ch. et de Louis le P. on n'en est pas moins

2143.0 4475.0 1744.0 144.0 autorisé à dire que ces monnaies ne rentrent

2074.0 4550.0 1862.0 145.0 pas dans le Système monétaire carol. Ce système

1932.0 4639.0 2042.0 150.0 ne comporte que des monnaies d'argent ; il est es¬

2083.0 4755.0 1728.0 96.0 sentiellement monométallique. (p. XXXV).

2007.0 4845.0 1939.0 166.0 Le roi Offa de Mercie (757-796) frappe des mon¬
