4090 5080
3592.0 163.0 361.0 273.0 109

194.0 55.0 1937.0 174.0 corde peut-être avec celui de la Vita de

186.0 155.0 2032.0 165.0 Didier de Cahors, p. 38, où il est question d'une

188.0 258.0 2002.0 166.0 basilique construite "more antiquorum

187.0 375.0 2011.0 147.0 quadris et dedolatis lapidibus ... non quidem

173.0 472.0 2000.0 155.0 nostro gallico more ". Cela fait penser qu'il

194.0 558.0 1945.0 156.0 batit les murs de Cahors "quadratorum

184.0 646.0 1136.0 151.0 lapidum compactione".

183.0 744.0 1973.0 159.0 Le baptistère de Poitiers peut nous donner

169.0 851.0 2039.0 164.0 une idée de ces constructions. Puig Cadafalch

170.0 952.0 2026.0 190.0 releve à Egara construite de 516-546 des in¬

169.0 1048.0 1993.0 162.0 fluences venues d Asie-Mineure et d'E¬

163.0 1162.0 280.0 127.0 gypte.

175.0 1279.0 1950.0 192.0 Bref ce que nous savons de tous les arts

164.0 1406.0 2011.0 149.0 et dans tous les sens nous montre comme

1892.0 1485.0 127.0 64.0 est

163.0 1521.0 2044.0 198.0 dit Bréhier, p. 111 que "l'art occidental déga¬

173.0 1636.0 1986.0 163.0 gé de toute influence Classique" Mais il

160.0 1761.0 2024.0 175.0 a tort de dire qu'il se serait développé dans le

164.0 1847.0 2009.0 190.0 même sens que l'art arabe sans la renais¬

159.0 1940.0 2031.0 210.0 sance Carolingienne. Non, ce qui est évident

167.0 2040.0 1969.0 217.0 c'est qu'il se développait dans le sens by¬

156.0 2140.0 2031.0 184.0 zantin. Tout le bassin de la Méditerranée

158.0 2271.0 1865.0 196.0 prenait exemple sur Constantinople.
