3993 5058
75.0 50.0 2007.0 190.0 Quentowic (30-32) très nombreux, Tournai,

59.0 151.0 2028.0 186.0 Valenciennes, Arras Amiens, Corbie, Péronne.

54.0 252.0 1990.0 186.0 du sait qu'on a trousé des Frise des monnaies

2260.0 257.0 1539.0 143.0 de l epaun Carol. Rarn. Quentour

50.0 299.0 2188.0 265.0 dor (Cron. p. XXXIII). Enfie le prempaux tilirus

42.0 472.0 2015.0 168.0 Il y a donc là un grand commerce, dans ce

29.0 560.0 2045.0 181.0 coin sephentrional qui seeble meme avoir

42.0 708.0 1387.0 135.0 été plus actif qu'auparavant.

42.0 762.0 2074.0 177.0 Mais c'est un commerce orienté vers le Nord

42.0 880.0 2053.0 173.0 et qui n'a plus de rapports avec la Méditer¬

37.0 969.0 2075.0 173.0 ranée. Son domnemparait entre les fleuves

29.0 1083.0 1999.0 181.0 des Pays. Bas comprendre la Bretagne et les

21.0 1184.0 1981.0 173.0 mers dn Nord on Bugge cète des importations

21.0 1268.0 2053.0 190.0 releveis dans mon article. Il y e donc là une

16.0 1395.0 2079.0 151.0 preuve carectostique du réfoulement mè¬

29.0 1508.0 1973.0 156.0 déterranéen. Nous avons à faire à un com¬

25.0 1584.0 2045.0 182.0 merce orienté au Nord et où les Frésons puent

16.0 1677.0 2130.0 202.0 le rôle des Syriens. Vercantereu a montré dens

12.0 1778.0 2070.0 198.0 son Ziterprétation économique d'une trou¬

21.0 1888.0 2023.0 173.0 vaeles de monnaies Caral. Saite près d. beniens

50.0 2006.0 1117.0 181.0 (Rev, Belge 1934, p.750)

1252.0 1972.0 780.0 127.0 ce de ce tréror au¬

42.0 2035.0 1986.0 224.0 cena freèce ne provient du Suid d la Loire et que

37.0 2124.0 2041.0 244.0 90 J sont d'entre Neuse et Seive. L hinterland

59.0 2233.0 2091.0 228.0 d Anciens et de Quentoire s'étend encore dit et

33.0 2335.0 2121.0 253.0 p. p58 jusqu'au seuil de la Bourgogue, mais

37.0 2550.0 637.0 118.0 pas plus loin.

50.0 2550.0 1931.0 236.0 d'ailleurs, dans la seconde moitie du ri s.

37.0 2668.0 1974.0 223.0 les aivasions normandes ont mis fien à cen

33.0 2840.0 477.0 144.0 commerce.

37.0 2861.0 1995.0 232.0 Il reste qu'il 'été́ très actif et aurait pu

33.0 2975.0 2066.0 224.0 conserver là une activité économique supé¬

33.0 3144.0 325.0 131.0 rieure.

33.0 3211.0 1999.0 194.0 Le emmerce de Tournai, au IXi s était impor.

37.0 3346.0 1489.0 177.0 taut (Vercanteren, Cités p. 246)

59.0 3511.0 1994.0 143.0 dans une grande merure d'ailleurs ce com¬

63.0 3591.0 1956.0 177.0 mesie a déû dépendre de plus en plus du com

54.0 3700.0 1982.0 173.0 mence, barbare des Scandinaires qui au IX s.

75.0 3810.0 2058.0 173.0 rpvostent du vis de France en Irlande (Buyge

88.0 3928.0 1881.0 198.0 Vicitelj. IV p. 271). La raute qui les met par

59.0 4021.0 2061.0 215.0 la Russie en rapports avec l'Islam a dû don¬

63.0 4160.0 1990.0 173.0 uns a ces Sandinaves une puissaute im¬

59.0 4257.0 1973.0 206.0 pulsion. Il y avait au IXe s. dans le Balhique

88.0 4383.0 1923.0 181.0 dports on disons meuy des étapes maritines

67.0 4526.0 1910.0 177.0 emportaules : Resic cite en 808.809 sur la

71.0 4628.0 2033.0 172.0 leive drit le roi l'Danmark déplaço les mds

80.0 4750.0 2011.0 168.0 à Haittabre pr pouvoir meux percevoir le ton¬

92.0 4864.0 2058.0 172.0 lien (Vogel). Il parait prouvé par l'Archéologié

2285.0 455.0 1176.0 135.0 magsince sont ts au N.-

2327.0 358.0 1514.0 156.0 Anmis Martriehe, Dovertad. Fout S

2926.0 526.0 877.0 173.0 (Vueunterur p.754)

2213.0 800.0 1518.0 211.0 a supes regni Eegotia procurator"

2285.0 682.0 1526.0 224.0 En 790 l abbé Gerold de S. Wandrelle

2892.0 880.0 683.0 152.0 Rietter II 113.

2260.0 1041.0 1458.0 240.0 fandils perre av l'Anglitrre en 789

2787.0 1159.0 565.0 181.0 Rubler II 113.

2243.0 2453.0 1657.0 286.0 Sur les exagirat. de Bugge p. ropport

2243.0 2609.0 1543.0 206.0 au commercs des Normans avec la

2222.0 2689.0 1661.0 265.0 trance, Voy Veupl, Nonnann, p.417.1

3444.0 50.0 426.0 211.0 631
