3978 5058
3513 59 367 282 183

60 2 2127 171 de 711 à 717 l'anarchie règne dans l'Empire.

32 116 2091 154 Les Bulgares atteignent Constantinople, les

31 211 2072 135 Arabes avancent par terre à travers l'Asie.

36 295 2014 164 Mineure, par mer dans l'Egée et la Propon¬

28 415 1992 134 tide. La situation etait semblable à celles

54 511 2008 146 qui avait existé sous Constantin IV au VIIe

47 619 1982 170 siècle quand le capitale fut pour la première

29 712 2038 162 fois attaquée sur mer. Elle le fut de nouveau

31 814 2034 165 et pl. vigoureusement en 717. On peut dire que

39 900 2122 164 l Europe fut alors sauvée par l'énergique soldat

45 1019 2057 125 qui venait de prendre la couronne Léon IV l'I¬

44 1106 2083 132 saurien. Avec l'aide des Bulgares qui s'allièrent

31 1184 2069 163 à lui et du feu grégeois il força l'ennemi déci¬

26 1264 2152 165 mé à se retirer après un siège de plus d'un an (718).

37 1387 1975 146 C est autre chose que Poitiers. Ce fut aussi la

34 1477 2063 134 dernière tentative des Arabes contre les cité "pro¬

52 1576 2031 146 tégée de Dieu". Ce fut dit Bury une date, oe¬

43 1679 2041 158 cuménique (Vassil. I. 314). A partir d'ici jus¬

54 1783 2041 160 qu'à Irène (782-83) les Arabes furent conte¬

0 1911 2009 129 nus et même refoulés en Asie Mineure

44 1993 2031 172 Il y eut sous Léon et son fils Constantin une ré¬

25 2127 2126 149 organisation de l'Empire tout à la fois par voie

24 2245 2038 173 législative et par généralisation du régime des

27 2355 1020 169 thêmes (Vassil. 332).

49 2469 2034 150 Mais Léon voulut achever son oeuvre par une

35 2561 2015 175 réforme religieuse : l'Iconoclastie. Peut-

32 2664 1995 170 être s explique-t-elle en partie par le désir de di¬

34 2771 2031 165 minuer l opposition islamique et celui de se conci¬

40 2861 1985 167 lier les provinces Orientales de l'Asie Mineure

50 2975 1984 168 où il y avait des Pauliciens (Vassil I 339). On

36 3081 2031 202 n'a ici qu'à considérer la répercussion sur

41 3171 307 171 Rome.

52 3285 1977 202 C est en 725 ou 726 que Léon publia son 1er

55 3403 1928 162 édit contre les images (Vassil I 342) Tout de

50 3515 1936 182 suite le pape Grégoire II l'anathématise < et là >

43 3605 2011 178 <.... p...que toute l'Italie s. soulève  c..tr.>

31 3694 2006 189 <.......... Il y a ici un conflit contre le césaro¬

59 3823 1922 142 papisme, car à l'affirmation de l'empereur

60 3891 1951 197 βασιλευς και ιερευς ειμι, le pape répondit

43 4006 1931 161 par l'affirmation de la séparation des deux

49 4101 2056 178 pouvoirs sur un ton qu'aucun de ses devanciers

62 4205 2005 188 n avait employé (Hartm. II2 p. 94). Il lui prte

61 4310 2111 181 même un défi en ecrivant aux fideles d'être

43 4429 2003 177 sur leurs gardes contre l impiété qui vient

56 4508 1904 191 de se lever. Il lui reproche de ne pas pouvoir

50 4611 2038 177 défendre l'Italie "tu nos defendere minime

49 4724 1937 198 possis" et il formule une mnace qui contient

53 4816 1997 218 un programme "Nos navi ingredimur in

2127 4110 705 177 Voy. Jaffé I 253.

2081 337 613 177 Vassil I. 313.
