4042 5074
3601 160 242 199 5

50 16 2133 157 un ville maritime. Elle s'oppose à Rome

46 143 2010 157 qui n'est que consommatrice par Sa

46 228 2057 190 nature de grand entrepôt, de fabrique, de

50 380 1096 148 grande base navale.

55 443 2061 195 Et son hégémonie est d'autant pl grde

46 575 2044 186 que l'Orient est plus actif. La Syrie est le

38 689 2086 194 point d'arrivée ds voies qui mettent l'Em¬

42 816 2010 173 pire en rapport avec l'Inde et la Chine.

42 913 1998 173 Par la mer noire on correspond avec le

38 1090 279 119 Nord.

59 1112 2044 198 L'Occident en dépend pour le luxe, les fabri¬

50 1306 237 114 cants.

50 1327 2066 224 C'est en Orient que se concentre la naviga¬

50 1479 2083 165 tion. Les Syriens ou ce qu'on appelle sont

42 1594 2014 169 les routiers des mers. Par eux le papyrus

50 1687 2002 173 les épices, l'ivoire, les vins de luxe se ré¬

42 1809 2116 165 pandent jusqu'en Bretagne. Les étoffes pre¬

59 1915 2002 182 cieuses y arrivent d'Egypte comme les her¬

50 2038 2087 169 bes pour ascètes (Perdrizet). Il y a partout

50 2169 2078 143 des colonies de Syriens. Marseille est un port

50 2304 788 127 à moitié grec.

59 2355 2074 203 Et avec ces Syriens se répandent les Juifs épar¬

59 2490 2086 186 pillés ou plutôt groupés dans toutes les villes.

50 2608 2045 174 Ce sont des marins et courtiers, des banquiers

46 2727 2074 165 dont on doit admettre que l'influence a été

50 2837 2087 148 continuelle dans la vie économique du temps

42 2955 2061 144 comme l'influence orientale se décèle à la m^.

50 3052 1968 174 époque dans l'art, dans les idées religieuses,

42 3179 2103 152 cultes orientaux d'abord, puis christianisme.

50 3285 2112 135 L ascetisme est arrivé d'Orient en Occident

55 3391 2001 152 par la mer comme avant lui le culte de

55 3534 931 115 Mithra par exemple.

55 3585 1836 169 Sans Ostie, Rome est incompréhensible.

50 3720 2036 174 Si de l'autre côté Ravenne devient la rési¬

50 3856 2138 144 dence des Empereurs in partibus occidentis à cause

55 4000 1511 109 de l'attraction de Constantinople,

59 4114 2027 148 Par la Méditeranée l'Empire forme donc

50 4249 1998 127 de la manière la plus évidente une Unité

50 4367 2023 131 économique. C'est un grand territoire avec

59 4482 1566 118 de peages, mais sans douanes.

71 4579 2002 160 Et il benéficie de l'avantage immense de

50 4697 2066 140 l'unité monetaire par le sou d'Or constan¬

76 4803 2107 165 tinien. C'est une pièce d'or de 4 gr.55 et fin

2285 1260 1651 177 Cette suprématie de l'Orient depuis

2264 1348 1680 199 le IIIe s. (mais déjà avant) mise en re¬

2264 1424 1634 220 lief par Bratianu d^s son article de

2281 1547 1663 195 l'Istros, 1934. Il y voit le point de dé¬

2243 1636 1714 216 part de la separat^. de l'Occident et

2264 1737 1629 224 de l'Orient que l'Islam achevera.

2277 1847 1561 212 Cf aussi l'etude de Paulova sur

2251 1949 1630 228 l'Islam et la civilisat^. méditerr.

3005 2088 389 148 Prague.

2247 4727 901 220 (Albertini, p. 365).
