3960 5049
3534.0 134.0 420.0 162.0 124

148.0 7.0 1948.0 155.0 avait été jusque là le centre de la Chrétienté en

148.0 90.0 1956.0 134.0 devient la frontière. L'Unité méditerranéenne est

141.0 172.0 262.0 121.0 brisée.

154.0 248.0 1967.0 139.0 Il était dans l'ordre des choses qu'un pouvoir

144.0 355.0 1988.0 149.0 doué d'une force d'expansion telle que l'Islam

151.0 442.0 1934.0 166.0 dût s'imposer à tout le bassin du grand lac

120.0 534.0 1948.0 164.0 intérieur. Et en fait, il en a fait l'effort. Dès la

116.0 649.0 1963.0 139.0 seconde moitié du VIIe siècle, il vise à devenir

115.0 749.0 1981.0 155.0 une puissance maritime sur ces eaux où do¬

104.0 838.0 2407.0 181.0 mine Byzance. <..> Sous le règne de Constant II (641-668)

103.0 928.0 2237.0 177.0 les vaisseaux arabes du calife Moawiah (calif en 660)

122.0 1047.0 1940.0 155.0 commencent à envahir les eaux byzantines et

111.0 1137.0 1940.0 190.0 les Arabes occupent l île de Chypre. Non loin de la

98.0 1230.0 1950.0 182.0 côte d'Asie mineure ils remportent une victoire

101.0 1351.0 1928.0 146.0 navale sur l'empereur lui-même, s'emparent

109.0 1434.0 1951.0 196.0 de Rodes et poussent jusqu'en Crête et en Sicile.

109.0 1518.0 2043.0 224.0 Puis ils font du port de Cyzique une base navale

102.0 1639.0 2036.0 185.0 d'où ils assiègent à plusieurs reprises Constan¬

100.0 1734.0 1976.0 202.0 tinople qui leur oppose victorieusement le feu

94.0 1848.0 1954.0 191.0 grégeois (283) jusqu'à ce qu'en 677 ils renon¬

96.0 1960.0 1994.0 185.0 cent à l'entreprise. (Ils attaquèrent Consta¬

88.0 2060.0 1971.0 188.0 tinople en 668, 669. 673 blocus qui dure 5 ans.

198.0 2229.0 1811.0 153.0 La poussée vers l'Afrique entreprise par

94.0 2295.0 1987.0 191.0 l'émir d'Egypte en 647 avait abouti à une vic¬

80.0 2396.0 1965.0 199.0 toire sur l'exarque Grégoire. Cependant les for¬

95.0 2496.0 1953.0 185.0 teresses construites sous Justinien avaient con¬

77.0 2606.0 1985.0 163.0 tinué résistance et les Berbères oubliant leur

76.0 2687.0 2059.0 195.0 vieille hostilité aux Romains avaient coopéré avec

66.0 2806.0 2095.0 158.0 eux contre l'envahisseur. Une fois de plus l'im¬

77.0 2915.0 1974.0 176.0 portance de l'Afrique dont la conquête par

70.0 2990.0 1922.0 190.0 les Vandales avait jadis provoqué le déclin

65.0 3101.0 1891.0 176.0 definitif de l'empire en Orient se révélait.

89.0 3172.0 1982.0 179.0 D'elle dependait la sécurité de la Sicile et de l'I¬

64.0 3285.0 2010.0 165.0 talie, le passage maritime vers l'Occident.

76.0 3375.0 1989.0 187.0 C est sans doute pour pouvoir la défendre que

70.0 3475.0 1981.0 190.0 Constant II (641-668) après la dernière visite à

47.0 3565.0 2049.0 213.0 Rome qu'y ait fait un empereur byzantin vient

65.0 3697.0 1029.0 195.0 s etablir à Syracuse.

42.0 3768.0 2096.0 213.0 Les Troubles du califat à cette époque amenè¬

34.0 3898.0 2014.0 188.0 rent un répi. Mais l avènement de Moa¬

38.0 4006.0 2105.0 184.0 wia en 660 devait voir recommencer la lutte

55.0 4126.0 2055.0 195.0 pour une conquête dont la possession devait

47.0 4234.0 2007.0 172.0 affermir ou plutôt rendre possible la main

42.0 4324.0 1964.0 169.0 mise de l'Islam sur la Méditerranée. En

35.0 4405.0 1938.0 192.0 664 s'opère une nouvelle grande razzia

42.0 4528.0 2083.0 177.0 et a lieu une nouvelle défaite des Byzantins.

33.0 4614.0 2010.0 197.0 ceux-ci attaqués comme on l'a vu plus haut

30.0 4724.0 1970.0 171.0 dans la mer orientale < ne pouvant rien faire >.

28.0 4803.0 2099.0 221.0 < Ils > avaient cependant envoyé une armée à Ha¬

2250.0 192.0 1286.0 135.0 et son assassinat en 656 ouvre

2276.0 81.0 1017.0 122.0 La première expansion

2270.0 125.0 1329.0 136.0 se ralentit sous le calife Othman

2257.0 264.0 1484.0 126.0 une crise polit. et relig. qui ne cesse

2251.0 302.0 1690.0 196.0 qu a l avènement de Moawia en 660

2405.0 938.0 899.0 141.0 C'est le ler Ommiade

2077.0 1447.0 482.0 137.0 (Val. I 282)

2631.0 1340.0 480.0 128.0 Constant II

2075.0 2080.0 638.0 147.0 (Halphen p. 139).

2216.0 2277.0 408.0 146.0 Ibn Sad

2413.0 3713.0 760.0 128.0 Durée des troubles :
