4090 5056
3624.0 66.0 409.0 372.0 57

132.0 58.0 2155.0 153.0 priété s'est encore agrandie par précaires ?

117.0 207.0 2017.0 121.0 et par tous ceux qu'un alterius potestati

117.0 314.0 652.0 112.0 commandat.

132.0 418.0 2028.0 132.0 Très probablement la classe des libres pro¬

120.0 553.0 1888.0 127.0 prement dit n'est qu'une minorité.

134.0 648.0 1936.0 137.0 Dans les grandes propriétés, ateliers où des

115.0 744.0 2014.0 147.0 femmes filent et où il y a d'autres esclaves ou

112.0 853.0 1598.0 139.0 serfs domaniaux. Cf. Frédégonde.

120.0 946.0 2068.0 162.0 En somme, on a l'impression des derniers siè¬

106.0 1098.0 2099.0 131.0 cles de l'Empire. La population a gardé l'em¬

101.0 1202.0 2011.0 146.0 preinte que lui a donnée la fiscalité Ce qui

115.0 1298.0 1977.0 170.0 continue à dominer la grande majorité des

117.0 1407.0 1554.0 160.0 hommes, c'est le grand domaine.

146.0 1528.0 2000.0 157.0 La bâse économique de la féodalité est là.

132.0 1617.0 1974.0 180.0 Elle y est par le beneficium et elle y est aussi

115.0 1772.0 2064.0 149.0 par la Vassalité. Mais tout ça n'est pas sor¬

120.0 1869.0 1983.0 167.0 ti de la sphère du droit privé. Il n'y a pas

115.0 1972.0 1983.0 156.0 encore entre le roi et les sujets, le Senior.

123.0 2065.0 1980.0 159.0 Et puis si la constitution économique est

132.0 2199.0 2030.0 141.0 surtout agraire elle ne l'est pas complè¬

132.0 2296.0 2053.0 175.0 tement. Il y a le commerce et il y a les villes.

2171.0 735.0 1854.0 211.0 Gynécées ds Greg. IX.38 Fustel l'Alleu,

3182.0 865.0 365.0 149.0 p.375.

2771.0 1763.0 1170.0 189.0 Quoique la fiscalité ait bien

2634.0 1859.0 1329.0 149.0 diminuée, Plus de dépenses mili¬

2583.0 1940.0 1383.0 152.0 taires ni d'administration. En un

2500.0 2011.0 1494.0 168.0 sens la conquête germanique a été

2500.0 2121.0 1130.0 154.0 un bienfait pour le peuple. (?)
