4090 5056
3651.0 4.0 278.0 227.0 31

137.0 58.0 1309.0 121.0 plus dans le bas Empire.

137.0 143.0 1916.0 143.0 Le roi nomme tous ses agents. Il y a à sa

143.0 252.0 2034.0 171.0 cour des gds germaniques et romains ceux¬

143.0 342.0 2000.0 159.0 ci beaucoup pl nombreux. Le 1er Ministre

132.0 426.0 2050.0 162.0 d Euric et d'Alaric II, Leo de Narbonne unit

132.0 547.0 2005.0 172.0 les fonctions de quaestor sacri palatii et de

157.0 649.0 2020.0 166.0 magister officiorum de la cour impériale

151.0 744.0 2028.0 156.0 Le roi n'a pas de truste guerrière, mais des

148.0 851.0 1989.0 155.0 domestici à la romaine Les duces des pro¬

148.0 934.0 2048.0 188.0 vinces, les comites des cités, sont surtout des Ro¬

151.0 1087.0 365.0 114.0 mains.

165.0 1151.0 2000.0 143.0 Ds les villes la curia subsiste avec un de

171.0 1283.0 1205.0 148.0 fensor ratifié par le roi.

162.0 1328.0 2009.0 231.0 Les Wisigoths se divisent en Thausendschaften,

157.0 1443.0 2052.0 200.0 funfhundertschaften, Hundertschaften, Zehnschaften

162.0 1542.0 1961.0 221.0 avec des chefs militaires sur les attributions

168.0 1634.0 2073.0 233.0 desquels on est très mal renseigné. Aussi long¬

163.0 1763.0 2039.0 233.0 temps qu'a duré le royaume de Toulouse il

165.0 1867.0 2020.0 214.0 ne semble pas que les Romains aient été

151.0 1985.0 2099.0 186.0 soumis au service militaire. La situation

146.0 2119.0 2009.0 178.0 est donc la même que chez les Ostrogoths.

165.0 2222.0 1975.0 206.0 Il semble que pendant un temps les Wisig.

182.0 2334.0 2000.0 171.0 ont eu ds le Millenarius un magistrat à

171.0 2435.0 1955.0 180.0 part comme les Ostrogoths. Mais déjà sous

179.0 2536.0 1989.0 183.0 Euric il sont soumis à la juridiction du

179.0 2654.0 2106.0 206.0 Comes qui juge à la romaine avec des Asses¬

180.0 2762.0 1957.0 199.0 sores legistes. Pas la plus petite trace de

185.0 2870.0 1963.0 183.0 germanisme dans l'Organisation du tri¬

188.0 3040.0 411.0 120.0 bunal.

193.0 3084.0 1986.0 193.0 Le code d'Euric promulgué en 479 pour les

191.0 3187.0 2070.0 226.0 rapports des Goths avec les Romains est rédi¬

207.0 3308.0 2037.0 197.0 gé par des juristes romains et tout roma¬

182.0 3471.0 268.0 97.0 nisé.

1526.0 3432.0 241.0 92.0 507

215.0 3535.0 1713.0 155.0 Quant au bréviaire d'Alaric, fait pour les

193.0 3627.0 1944.0 187.0 Romains, c'est du droit romain à peu près

185.0 3796.0 191.0 76.0 pur.

210.0 3806.0 1927.0 202.0 Il y a continuation d l'impôt romain et le

197.0 3937.0 1842.0 171.0 système monétaire est tout romain.

235.0 4041.0 1731.0 169.0 Les fonctionnaires du roi sont soldés.

211.0 4141.0 2061.0 206.0 L Eglise soumise au roi qui ratifie les évêques.

191.0 4293.0 2077.0 171.0 ll n'y a pas de vraie persécution contre les ca¬

205.0 4431.0 1292.0 140.0 tholiques, sauf par exception.

216.0 4530.0 2036.0 163.0 A mesure qu'on avance, la romanisation aug¬

202.0 4616.0 2059.0 187.0 mente. Leovigild (568-586) supprime les restes

207.0 4716.0 2079.0 201.0 d l jurid pr les Goths, autorise le mariage entre

2235.0 1385.0 537.0 128.0 Millenarius.

2337.0 1558.0 1696.0 219.0 Grotesqueries sur la persistance du Germa¬

2337.0 1648.0 1696.0 191.0 nisme Bloch Rev Hist. Mars Avril 1930

2331.0 1834.0 346.0 118.0 p.336.

2286.0 1887.0 1722.0 193.0 sur la romanisat extrêmnt rapide

2264.0 1992.0 1737.0 229.0 des Wisig. voy Gamillscheg, Romania

2278.0 2137.0 1702.0 194.0 Germanica l, p.297 et suiv et cf

2272.0 2303.0 803.0 137.0 plus loin p. 237
