4090 5056
120.0 87.0 2023.0 118.0 Considérer comme un Archaïque. Mais les

120.0 199.0 1950.0 112.0 forces n'étaient pas si disproportionnées

123.0 301.0 1938.0 123.0 qu'il peut paraître. D'abord Byzance a une

120.0 384.0 1986.0 130.0 flotte ce qui est l'essentiel. Puis il est au cou¬

115.0 463.0 1904.0 165.0 rant de ce qui se passe. Il a recueilli a By¬

109.0 567.0 2009.0 184.0 zance des refugiés ds Vandales et il compte sur

113.0 657.0 2021.0 162.0 eux comme il compte en Italie sur les grandes

106.0 775.0 1995.0 170.0 familles et l'Eglise avec laquelle Theodoric

112.0 881.0 2000.0 155.0 vient de de brouiller. Il est donc possible de

109.0 1005.0 2003.0 149.0 refaire l'Unité méditerranéenne de l'Empire

112.0 1112.0 2028.0 135.0 Il aurait même été extrêmement facile de

109.0 1213.0 2053.0 152.0 la refaire si les populations s'étaient soule¬

112.0 1337.0 2008.0 151.0 vées. Il suffisait de pouvoir payer la dépense.

116.0 1443.0 1957.0 144.0 Il faut aussi faire la paix avec l'Empire

120.0 1530.0 2028.0 163.0 Perse (532) et fixer par des subsides les barbares

120.0 1654.0 1818.0 144.0 de toutes sortes qui rodent aux frontières

238.0 1741.0 1891.0 166.0 En 533 en une seule campagne, Bélisaire

120.0 1862.0 2003.0 180.0 renverse le royaume vandale de l'usurpateur

117.0 1957.0 1995.0 184.0 Gelimer qui figure dans son triomphe à Constan¬

126.0 2087.0 1958.0 140.0 tinople et voila la côte jusqu'à Ceuta ratta¬

120.0 2207.0 1936.0 136.0 chée à l'Empire où on se hate de rétablir un

126.0 2316.0 2099.0 136.0 limes. Il n'y a pas grand'chose d'autre à faire

115.0 2429.0 1994.0 139.0 tout le systeme romain ayant été conser¬

117.0 2528.0 2030.0 115.0 vé. Des Vandales, rien à craindre. Vaincus ils

112.0 2645.0 2032.0 110.0 se fondent tout de suite dans la masse ro¬

126.0 2744.0 1997.0 129.0 maine à laquelle ils s etaient assimilés et

125.0 2829.0 1636.0 156.0 il n'en sera jamais plus question.

170.0 2957.0 2012.0 177.0 Ce qui rendait encore la tache facile, c'est

103.0 3081.0 2074.0 149.0 l'absence totale d'une politique germanique.

89.0 3166.0 2066.0 179.0 Theodoric avait essayé de grouper sous son hégé¬

95.0 3272.0 2008.0 166.0 monie les autres Etats. Son but avait été tout

87.0 3373.0 2033.0 164.0 simplement des sauvegarder l'Italie. Il avait pour

92.0 3468.0 2034.0 161.0 cela soutenu les Wisigoths contre les Francs et em¬

89.0 3575.0 1984.0 160.0 pêché leur écrasement complet après le bataille

84.0 3685.0 2070.0 157.0 de Vouillé en 507. Mais cela n'avait servi qu'à lui

84.0 3786.0 2025.0 171.0 valoir l inimitée ds Francs qui naturellement

78.0 3918.0 2025.0 157.0 voulaient par la Provence toucher la mer.

101.0 4053.0 1988.0 140.0 En 523 encore il était intervenu pour em¬

69.0 4159.0 1934.0 149.0 pecher les Francs d'anéantir la Bourgogne

103.0 4263.0 2096.0 161.0 En 509 il s etait fait céder la Provence p. Clovis

95.0 4390.0 2039.0 154.0 et son allié Gondebaud roi de Bourgogne qui

89.0 4513.0 2104.0 138.0 avait voulu l'aider à la prendre et qui avait

115.0 4631.0 2005.0 152.0 appartenu jusqu'alors aux Wisigoths. Ainsi les

89.0 4722.0 2079.0 173.0 Francs étaient bien coupés de la mer. les Wisig

91.0 4843.0 1108.0 165.0 conservent Narbonne.

2283.0 1856.0 1739.0 166.0 Voilà donc la province dont la perte avait

2278.0 1957.0 1699.0 163.0 été la plus terrible redevenue romaine

2269.0 2047.0 1469.0 175.0 et avec elle revinrent les îles (?)

2253.0 2143.0 1676.0 185.0 Toutefois il fallut encore lutter durement

2247.0 2255.0 1694.0 170.0 contre les Maures jusqu'en 548. Sur tout

2233.0 2348.0 1795.0 208.0 cela voir la Johannis de Corippus (Vassil, 178)

2224.0 2999.0 1807.0 219.0 On appelle ça "ein germanischer Bünd¬

2171.0 3123.0 1778.0 213.0 niss system" Buchner Provence, p.1

2033.0 4131.0 587.0 144.0 (Buchner, 3)

3584.0 134.0 303.0 207.0 42
