4090 5056
3613.0 80.0 263.0 198.0 22

109.0 37.0 1628.0 173.0 dans Euric. Et après lui ça continue.

84.0 187.0 2053.0 165.0 Chez les Ostrogoths il n y a pas de code pour les Os¬

89.0 264.0 1930.0 194.0 trog. qui sont soumis au droit territorial

92.0 353.0 1964.0 182.0 romain, mais comme soldats ne relèvent

118.0 433.0 1960.0 224.0 que des tribunaux militaires qui sont puremt

101.0 550.0 1963.0 211.0 gothiques (Hartmann I. 93). C'est là le fait es¬

95.0 660.0 1947.0 212.0 sentiel. Les Germains sont soldats et ariens

95.0 744.0 1978.0 199.0 et c'est peut être pour les maintenir soldats

95.0 881.0 1787.0 169.0 que les rois ont protégé l'arianisme.

84.0 952.0 2011.0 254.0 Chez les Burgondes, c'est comme chez les Wisig.

105.0 1103.0 982.0 177.0 et que dire ds Vandales ?

106.0 1196.0 2028.0 174.0 Comment d'ailleurs admettre la conserva¬

79.0 1297.0 1963.0 188.0 tion du droit germanique là où la famille

95.0 1376.0 2031.0 218.0 consanguine, la Sippe, cellule essentielle de l'or¬

98.0 1542.0 1087.0 158.0 dre juridique a disparu ?

106.0 1564.0 2037.0 225.0 En fait il a dû en être de la personnalité des

106.0 1744.0 1365.0 154.0 lois comme du Connubium.

92.0 1794.0 2048.0 227.0 De droit germanique il ne s'en est conser¬

89.0 1901.0 2073.0 223.0 vé que dans les pays colonisés par les Germains,

89.0 1998.0 2009.0 227.0 Anglo Saxons, Francs Saliens et Ripuaires,

89.0 2174.0 998.0 139.0 Alamans, Bavarois.

103.0 2185.0 2051.0 249.0 Croire que la Loi Salique a été le droit de la

118.0 2321.0 2091.0 222.0 Gaule après Clovis est une erreur certaine.

98.0 2460.0 2020.0 174.0 En dehors de la Belgique il n'y avait presque

98.0 2586.0 2028.0 172.0 pas de Saliens sauf les grands dans l'entou¬

98.0 2688.0 2017.0 200.0 rage du Roi. On ne Voit pas une seule allu¬

95.0 2798.0 2042.0 185.0 sion à cette loi et à sa procédure dans Gré¬

101.0 2905.0 1977.0 184.0 goire de Tours. Tout ce qu'on décret d'après

101.0 3011.0 2017.0 168.0 elle est très bien, à condition que l'on res¬

92.0 3123.0 2062.0 166.0 treigne tout cela à l'extrême Nord. Comment

98.0 3241.0 2028.0 160.0 aurait-on trouvé des rachimbourgs au Sud

109.0 3328.0 2039.0 195.0 de la Seine ? Y voit-on des sculteti? Y a-t-il

106.0 3459.0 2180.0 187.0 là des grafiones? La glose malbergique prou¬

106.0 3585.0 2054.0 169.0 ve d'ailleurs que vous avons à faire là à

103.0 3707.0 2040.0 143.0 un code établi pour une procédure qui se

109.0 3811.0 2073.0 186.0 fait en germanique. Combien de comtes pres¬

112.0 3926.0 1989.0 190.0 que tous romains auraient pu la com¬

112.0 4036.0 2028.0 172.0 prendre? Tout ce qu'elle nous apprend sur

109.0 4151.0 1964.0 189.0 les usages agraires, sur la disposition des

103.0 4272.0 2076.0 158.0 maisons, tout cela est du pur Nord. Il faut

106.0 4398.0 1986.0 171.0 être aveuglé par le préjugé pour supposer

112.0 4513.0 2031.0 152.0 qu'une loi comme celle-là ait pu être ap¬

106.0 4650.0 1351.0 152.0 pliquée au Sud de la Loire.

1745.0 25.0 1843.0 109.0 Brunner est furieux. Melicher essaye de sauver

2179.0 78.0 1467.0 129.0 un droit populaire qui aurait repris

2226.0 163.0 590.0 115.0 vu pl tard.

2253.0 601.0 1721.0 194.0 Brunner I .339 remarque que quoique 50 ans

2195.0 696.0 1771.0 200.0 à peine se soient passés entre l etablissement des

2167.0 733.0 1809.0 248.0 Burgondes en Gaule et la Lex Gundobada, celle-ci

2209.0 824.0 1827.0 219.0 trahit Starke Einflüsse des römischen Kultur

2182.0 902.0 1832.0 201.0 et elle manque de la frische germanischen Ursprüng¬

2098.0 968.0 1890.0 225.0 lichkeit qu se rencontre pl tard ds les lois lombardes¬

2174.0 1082.0 1739.0 224.0 Pour le droit Wisig voir l'article de V.

2174.0 1275.0 483.0 123.0 Schwind.

2258.0 2089.0 1694.0 228.0 Ce que dit Lot, Glotz p. 390 de l interpé¬

2276.0 2224.0 1539.0 194.0 nétration de populat à l'époque

2244.0 2322.0 1713.0 183.0 mérov. me paraît tout à fait faux.

2216.0 2423.0 1730.0 203.0 Il se contredit d'ailleurs quand, dans Inva¬

2165.0 2491.0 1815.0 230.0 sions, p. 274 il dit que si ethniquement la France

2174.0 2587.0 1822.0 227.0 (contemporaine) renferme quelques éléments germa¬

2150.0 2663.0 1859.0 244.0 inques, ils sont antérieurs à la conquête de la Gaule

2218.0 2839.0 433.0 135.0 par Clovis.
