<?xml version="1.0" encoding="UTF-8"?>
<alto xmlns:xsi="http://www.w3.org/2001/XMLSchema-instance"
      xmlns="http://www.loc.gov/standards/alto/ns-v4#"
      xsi:schemaLocation="http://www.loc.gov/standards/alto/ns-v4# http://www.loc.gov/standards/alto/v4/alto-4-2.xsd">
  <Description>
    <MeasurementUnit>pixel</MeasurementUnit>
    <sourceImageInformation>
      <fileName>Image00211.tif</fileName>
    </sourceImageInformation>
  </Description>
  <Tags>
    <OtherTag ID="BT1" LABEL="Title" DESCRIPTION="block type Title"/><OtherTag ID="BT2" LABEL="Main" DESCRIPTION="block type Main"/><OtherTag ID="BT3" LABEL="Commentary" DESCRIPTION="block type Commentary"/><OtherTag ID="BT4" LABEL="Illustration" DESCRIPTION="block type Illustration"/><OtherTag ID="BT138" LABEL="TitlePageZone" DESCRIPTION="block type TitlePageZone"/><OtherTag ID="BT139" LABEL="MainZone" DESCRIPTION="block type MainZone"/><OtherTag ID="BT140" LABEL="MarginTextZone" DESCRIPTION="block type MarginTextZone"/><OtherTag ID="BT141" LABEL="NumberingZone" DESCRIPTION="block type NumberingZone"/><OtherTag ID="BT142" LABEL="CustomZone:Numbering" DESCRIPTION="block type CustomZone:Numbering"/>
    <OtherTag ID="LT80" LABEL="DefaultLine" DESCRIPTION="line type DefaultLine"/><OtherTag ID="LT81" LABEL="InterlinearLine:correction" DESCRIPTION="line type InterlinearLine:correction"/><OtherTag ID="LT82" LABEL="InterlinearLine:addition" DESCRIPTION="line type InterlinearLine:addition"/><OtherTag ID="LT83" LABEL="HeadingLine" DESCRIPTION="line type HeadingLine"/>
  </Tags>
  <Layout>
    <Page WIDTH="3993"
          HEIGHT="5058"
          PHYSICAL_IMG_NR="210"
          ID="eSc_dummypage_">
      <PrintSpace HPOS="0"
                  VPOS="0"
                  WIDTH="3993"
                  HEIGHT="5058">
        <TextBlock HPOS="3336.0"
                   VPOS="48.0"
                   WIDTH="515.0"
                   HEIGHT="261.0"
                   ID="acd3a975-56cc-43a0-9b00-13b3f93dba90"
                   TAGREFS="BT141">
          <Shape><Polygon POINTS="3851 48 3851 309 3336 309 3336 48"/></Shape>
          <TextLine ID="eSc_line_6ab9ab32"
                    TAGREFS="LT80"
                    BASELINE="3415 174 3729 235" 
                    HPOS="3394.0"
                    VPOS="50.0"
                    WIDTH="404.0"
                    HEIGHT="283.0">
            <Shape><Polygon POINTS="3470 50 3461 50 3423 50 3406 193 3394 244 3575 328 3579 328 3607 333 3740 307 3798 215 3780 124 3580 73 3512 50"/></Shape>
	    <String CONTENT="207"
                    HPOS="3394.0"
                    VPOS="50.0"
                    WIDTH="404.0"
                    HEIGHT="283.0"></String>
          </TextLine>
        </TextBlock>
        <TextBlock HPOS="21.0"
                   VPOS="38.0"
                   WIDTH="2226.0"
                   HEIGHT="4944.0"
                   ID="314fc771-4df9-4eb2-ac48-b98e0a091335"
                   TAGREFS="BT139">
          <Shape><Polygon POINTS="2056 55 2056 377 1975 601 2074 809 2069 1027 2233 1295 2124 1469 2200 1706 2091 2114 2154 2291 2113 2395 2182 2540 2079 2625 2135 2892 2087 3183 2126 3448 2048 3890 2062 4206 2014 4416 2067 4524 2058 4792 2056 4838 2247 4831 2234 4957 1630 4978 907 4967 358 4982 40 4898 21 85 1394 38"/></Shape>
          <TextLine ID="eSc_line_5085a354"
                    TAGREFS="LT80"
                    BASELINE="84 149 386 154 2009 113" 
                    HPOS="39.0"
                    VPOS="47.0"
                    WIDTH="1992.0"
                    HEIGHT="180.0">
            <Shape><Polygon POINTS="422 186 1564 155 1755 180 1860 145 2010 145 2031 100 1951 52 1857 74 1789 77 1697 76 1477 64 1428 56 1379 47 1320 56 1288 63 1233 75 1179 72 1141 72 1087 65 1016 68 910 82 779 61 703 68 653 67 165 92 85 108 39 191 382 227"/></Shape>
	    <String CONTENT="protéger la côte contre les Mauros qui e¬"
                    HPOS="39.0"
                    VPOS="47.0"
                    WIDTH="1992.0"
                    HEIGHT="180.0"></String>
          </TextLine>
          <TextLine ID="eSc_line_47e06764"
                    TAGREFS="LT80"
                    BASELINE="68 242 239 259 528 242 1343 229 2047 217" 
                    HPOS="59.0"
                    VPOS="155.0"
                    WIDTH="2014.0"
                    HEIGHT="150.0">
            <Shape><Polygon POINTS="59 305 2073 242 2023 155 439 188 370 225 68 195"/></Shape>
	    <String CONTENT="xercent la pyraticam (Abel Simson II 427 ss.) En"
                    HPOS="59.0"
                    VPOS="155.0"
                    WIDTH="2014.0"
                    HEIGHT="150.0"></String>
          </TextLine>
          <TextLine ID="eSc_line_051b5c7f"
                    TAGREFS="LT80"
                    BASELINE="85 347 372 359 627 348 776 327 1003 332 1183 313 1979 292" 
                    HPOS="67.0"
                    VPOS="250.0"
                    WIDTH="1936.0"
                    HEIGHT="145.0">
            <Shape><Polygon POINTS="67 395 2003 330 1992 250 1190 264 436 300 73 296"/></Shape>
	    <String CONTENT="812 nouvelle attaque des Maures contre la"
                    HPOS="67.0"
                    VPOS="250.0"
                    WIDTH="1936.0"
                    HEIGHT="145.0"></String>
          </TextLine>
          <TextLine ID="eSc_line_3db34a53"
                    TAGREFS="LT80"
                    BASELINE="58 429 176 452 282 459 382 446 1540 397 1689 387 1775 375 2019 377" 
                    HPOS="43.0"
                    VPOS="319.0"
                    WIDTH="1972.0"
                    HEIGHT="181.0">
            <Shape><Polygon POINTS="43 500 656 471 2015 404 2004 319 868 372 63 383"/></Shape>
	    <String CONTENT="Corse, Sardaigne, Sicile, Italie du Sud. Le pape"
                    HPOS="43.0"
                    VPOS="319.0"
                    WIDTH="1972.0"
                    HEIGHT="181.0"></String>
          </TextLine>
          <TextLine ID="eSc_line_a6cd02a0"
                    TAGREFS="LT80"
                    BASELINE="70 529 264 542 741 517 1197 507 1371 487 1559 485 1701 503 1857 503 1982 488" 
                    HPOS="46.0"
                    VPOS="425.0"
                    WIDTH="1944.0"
                    HEIGHT="166.0">
            <Shape><Polygon POINTS="46 560 263 591 404 580 500 585 614 559 1159 560 1367 524 1639 547 1990 522 1990 476 1981 425 1771 425 1692 426 1572 439 1426 439 1332 438 1218 443 1105 465 1067 446 1009 445 853 456 795 497 726 463 675 494 586 472 446 477 303 474 246 504 78 477 46 526"/></Shape>
	    <String CONTENT="aussi fait garnir la côte (Ibis 488-89) En 810"
                    HPOS="46.0"
                    VPOS="425.0"
                    WIDTH="1944.0"
                    HEIGHT="166.0"></String>
          </TextLine>
          <TextLine ID="eSc_line_b15080bd"
                    TAGREFS="LT80"
                    BASELINE="73 631 187 657 477 642 557 624 1428 593 1501 599 1711 589 1937 567" 
                    HPOS="41.0"
                    VPOS="526.0"
                    WIDTH="1924.0"
                    HEIGHT="161.0">
            <Shape><Polygon POINTS="66 580 41 663 117 687 205 681 327 677 380 679 477 665 523 681 619 661 721 636 834 654 922 645 965 650 1292 635 1630 626 1681 638 1849 630 1965 598 1947 526 1765 536 1647 558 1395 531 1135 565 604 568 370 614"/></Shape>
	    <String CONTENT="Charles a ordonné de construire une flotte"
                    HPOS="41.0"
                    VPOS="526.0"
                    WIDTH="1924.0"
                    HEIGHT="161.0"></String>
          </TextLine>
          <TextLine ID="eSc_line_b78d5a77"
                    TAGREFS="LT80"
                    BASELINE="76 736 263 746 1023 715 1290 698 1621 701" 
                    HPOS="50.0"
                    VPOS="628.0"
                    WIDTH="1585.0"
                    HEIGHT="164.0">
            <Shape><Polygon POINTS="50 771 160 792 428 788 486 783 533 772 678 775 853 753 969 767 1108 737 1631 737 1635 687 1627 628 1286 638 1189 644 912 660 830 657 817 657 701 646 523 689 477 664 437 677 394 692 363 683 321 696 144 681 68 703 50 737"/></Shape>
	    <String CONTENT="(Richter II 187) Il n&#x27;en sortit rien."
                    HPOS="50.0"
                    VPOS="628.0"
                    WIDTH="1585.0"
                    HEIGHT="164.0"></String>
          </TextLine>
          <TextLine ID="eSc_line_e804a068"
                    TAGREFS="LT80"
                    BASELINE="108 844 497 864 715 846 2061 803" 
                    HPOS="70.0"
                    VPOS="727.0"
                    WIDTH="2011.0"
                    HEIGHT="175.0">
            <Shape><Polygon POINTS="482 902 2053 841 2081 799 2047 727 80 804 70 888"/></Shape>
	    <String CONTENT="On a vu plus haut leurs attaques contre Rome"
                    HPOS="70.0"
                    VPOS="727.0"
                    WIDTH="2011.0"
                    HEIGHT="175.0"
                    WC="0.9996150813319467"></String>
          </TextLine>
          <TextLine ID="eSc_line_5f023022"
                    TAGREFS="LT80"
                    BASELINE="84 953 250 972 371 973 557 962" 
                    HPOS="54.0"
                    VPOS="902.0"
                    WIDTH="523.0"
                    HEIGHT="115.0">
            <Shape><Polygon POINTS="63 994 577 1017 560 907 406 903 164 902 54 923"/></Shape>
	    <String CONTENT="et la Sicile"
                    HPOS="54.0"
                    VPOS="902.0"
                    WIDTH="523.0"
                    HEIGHT="115.0"
                    WC="0.9999592900276184"></String>
          </TextLine>
          <TextLine ID="eSc_line_0c600765"
                    TAGREFS="LT80"
                    BASELINE="66 1048 147 1076 358 1077 1228 1052 1353 1033 2044 1025" 
                    HPOS="36.0"
                    VPOS="955.0"
                    WIDTH="2022.0"
                    HEIGHT="163.0">
            <Shape><Polygon POINTS="36 1072 173 1112 271 1116 596 1103 629 1105 698 1100 737 1097 795 1093 914 1109 1046 1118 1231 1092 1286 1095 1353 1074 1402 1081 2058 1057 2032 987 1736 955 455 1017 88 998"/></Shape>
	    <String CONTENT="Les Musulmans d&#x27;Espagne se livrent à une pi¬"
                    HPOS="36.0"
                    VPOS="955.0"
                    WIDTH="2022.0"
                    HEIGHT="163.0"></String>
          </TextLine>
          <TextLine ID="eSc_line_d1adfca9"
                    TAGREFS="LT80"
                    BASELINE="60 1149 143 1174 320 1183 721 1168 1999 1119" 
                    HPOS="0.0"
                    VPOS="1083.0"
                    WIDTH="2001.0"
                    HEIGHT="120.0">
            <Shape><Polygon POINTS="86 1203 1627 1178 2001 1143 1999 1083 207 1124 0 1111"/></Shape>
	    <String CONTENT="raterie avec beaucoup de bateaux contre"
                    HPOS="0.0"
                    VPOS="1083.0"
                    WIDTH="2001.0"
                    HEIGHT="120.0"></String>
          </TextLine>
          <TextLine ID="eSc_line_08666ddd"
                    TAGREFS="LT80"
                    BASELINE="74 1250 156 1272 298 1289 830 1260 2028 1206" 
                    HPOS="0.0"
                    VPOS="1152.0"
                    WIDTH="2107.0"
                    HEIGHT="182.0">
            <Shape><Polygon POINTS="138 1334 2054 1240 2107 1152 1747 1159 1647 1187 1362 1174 494 1222 0 1215"/></Shape>
	    <String CONTENT="lesquels i est impuissant : Mauri de tota"
                    HPOS="0.0"
                    VPOS="1152.0"
                    WIDTH="2107.0"
                    HEIGHT="182.0"></String>
          </TextLine>
          <TextLine ID="eSc_line_594105dc"
                    TAGREFS="LT80"
                    BASELINE="71 1365 180 1367 214 1379 718 1370 746 1368 955 1350 2205 1294" 
                    HPOS="26.0"
                    VPOS="1222.0"
                    WIDTH="2195.0"
                    HEIGHT="200.0">
            <Shape><Polygon POINTS="83 1410 701 1422 2221 1329 2200 1222 166 1344 26 1285"/></Shape>
	    <String CONTENT="Hispania maxima classe comparata&quot; (Annal."
                    HPOS="26.0"
                    VPOS="1222.0"
                    WIDTH="2195.0"
                    HEIGHT="200.0"></String>
          </TextLine>
          <TextLine ID="eSc_line_af14dcdf"
                    TAGREFS="LT80"
                    BASELINE="61 1451 279 1493" 
                    HPOS="33.0"
                    VPOS="1405.0"
                    WIDTH="290.0"
                    HEIGHT="136.0">
            <Shape><Polygon POINTS="33 1484 129 1514 173 1526 237 1541 323 1492 290 1417 160 1437 109 1405 36 1413"/></Shape>
	    <String CONTENT="Imp.)"
                    HPOS="33.0"
                    VPOS="1405.0"
                    WIDTH="290.0"
                    HEIGHT="136.0"></String>
          </TextLine>
          <TextLine ID="eSc_line_e9f290c6"
                    TAGREFS="LT80"
                    BASELINE="92 1564 201 1586 294 1589 387 1570 981 1555 2034 1502" 
                    HPOS="37.0"
                    VPOS="1441.0"
                    WIDTH="2024.0"
                    HEIGHT="185.0">
            <Shape><Polygon POINTS="110 1507 37 1587 110 1626 204 1611 473 1607 590 1597 658 1624 772 1607 843 1601 847 1601 851 1601 855 1601 872 1597 966 1586 1005 1582 1020 1580 1037 1579 1070 1587 1083 1579 1140 1579 1174 1574 1227 1581 1249 1569 1275 1569 1344 1572 1416 1576 1420 1576 1425 1576 1463 1562 1499 1554 1560 1567 1576 1567 1581 1567 1585 1567 1593 1567 1652 1550 1757 1556 2027 1544 2061 1517 2012 1450 1774 1441 1358 1463 1112 1491 394 1520 200 1548"/></Shape>
	    <String CONTENT="Après Charles qui a eu du moins une défensive"
                    HPOS="37.0"
                    VPOS="1441.0"
                    WIDTH="2024.0"
                    HEIGHT="185.0"></String>
          </TextLine>
          <TextLine ID="eSc_line_b0e72b12"
                    TAGREFS="LT80"
                    BASELINE="62 1661 141 1685 267 1690 346 1677 1138 1664 1775 1620 2106 1620" 
                    HPOS="28.0"
                    VPOS="1556.0"
                    WIDTH="2084.0"
                    HEIGHT="180.0">
            <Shape><Polygon POINTS="434 1612 189 1620 50 1630 28 1678 167 1718 281 1736 323 1701 394 1702 530 1704 579 1702 805 1705 1303 1695 1540 1664 2112 1648 2110 1556 1144 1578 668 1627 622 1615"/></Shape>
	    <String CONTENT="utile, c&#x27;est la misère. En 838 Marseille est en¬"
                    HPOS="28.0"
                    VPOS="1556.0"
                    WIDTH="2084.0"
                    HEIGHT="180.0"></String>
          </TextLine>
          <TextLine ID="eSc_line_44c40606"
                    TAGREFS="LT80"
                    BASELINE="55 1740 139 1768 249 1795 310 1772 944 1761 1085 1757 1386 1749 2168 1716" 
                    HPOS="23.0"
                    VPOS="1643.0"
                    WIDTH="2176.0"
                    HEIGHT="190.0">
            <Shape><Polygon POINTS="274 1744 62 1694 23 1765 85 1804 283 1821 436 1828 719 1804 816 1833 1011 1799 1079 1808 1083 1808 1087 1808 1092 1808 1096 1808 1259 1787 1397 1798 1471 1795 1475 1795 1479 1795 1518 1774 1592 1781 1628 1772 1845 1770 1990 1772 2168 1759 2199 1696 2132 1643 1807 1689 1553 1669 1296 1700 910 1716 463 1711 336 1704"/></Shape>
	    <String CONTENT="vahi. En 842 et 850 les Arabes pénètrent jusqu&#x27;à"
                    HPOS="23.0"
                    VPOS="1643.0"
                    WIDTH="2176.0"
                    HEIGHT="190.0"></String>
          </TextLine>
          <TextLine ID="eSc_line_b02ef59b"
                    TAGREFS="LT80"
                    BASELINE="70 1845 193 1879 575 1890 726 1881 2076 1828" 
                    HPOS="52.0"
                    VPOS="1781.0"
                    WIDTH="2055.0"
                    HEIGHT="179.0">
            <Shape><Polygon POINTS="52 1889 194 1908 297 1960 409 1924 534 1913 542 1951 782 1936 829 1910 1401 1889 1527 1880 1583 1873 1626 1888 1666 1876 1713 1878 1764 1871 1822 1870 1862 1867 1891 1873 1929 1868 1960 1878 2014 1865 2107 1856 2092 1800 2022 1781 1823 1785 1519 1790 1393 1810 1265 1794 1149 1803 1015 1816 808 1845 710 1811 665 1816 575 1818 494 1833 356 1833 206 1814 58 1810"/></Shape>
	    <String CONTENT="Arles ; en 852 ils prennent Barcelone. La côte"
                    HPOS="52.0"
                    VPOS="1781.0"
                    WIDTH="2055.0"
                    HEIGHT="179.0"></String>
          </TextLine>
          <TextLine ID="eSc_line_4afe2101"
                    TAGREFS="LT80"
                    BASELINE="67 1957 149 1975 250 1980 660 1975 920 1966 1580 1942 1656 1931 1825 1933 2112 1916" 
                    HPOS="32.0"
                    VPOS="1874.0"
                    WIDTH="2111.0"
                    HEIGHT="142.0">
            <Shape><Polygon POINTS="295 1962 156 1910 32 1934 56 1996 114 1983 174 2016 1610 1975 1842 1962 1950 1983 1995 1966 2049 1945 2143 1934 2132 1874 820 1915 778 1940 536 1952 530 1915 438 1927"/></Shape>
	    <String CONTENT="est maintenant ouverte à toutes les attaques."
                    HPOS="32.0"
                    VPOS="1874.0"
                    WIDTH="2111.0"
                    HEIGHT="142.0"
                    WC="0.9974201762157938"></String>
          </TextLine>
          <TextLine ID="eSc_line_f545dc9d"
                    TAGREFS="LT80"
                    BASELINE="64 2049 136 2076 408 2073 790 2069 2071 2025" 
                    HPOS="45.0"
                    VPOS="1960.0"
                    WIDTH="2067.0"
                    HEIGHT="166.0">
            <Shape><Polygon POINTS="45 2100 263 2126 830 2104 1037 2086 1108 2077 1121 2082 1156 2090 1185 2099 1204 2102 1302 2077 1315 2077 1323 2077 1402 2094 1432 2102 1500 2082 1570 2065 1763 2077 2019 2051 2086 2066 2112 2019 2026 1960 1943 1990 1884 1973 1698 1982 1114 1990 169 2028 106 1982 47 2017"/></Shape>
	    <String CONTENT="En 848 elle est même infestée par des pirates"
                    HPOS="45.0"
                    VPOS="1960.0"
                    WIDTH="2067.0"
                    HEIGHT="166.0"></String>
          </TextLine>
          <TextLine ID="eSc_line_9d3d14e2"
                    TAGREFS="LT80"
                    BASELINE="62 2158 219 2177 463 2170 640 2176 728 2162 882 2158 1462 2142 1567 2120 1828 2123 2059 2125" 
                    HPOS="28.0"
                    VPOS="2057.0"
                    WIDTH="2095.0"
                    HEIGHT="179.0">
            <Shape><Polygon POINTS="72 2109 28 2166 66 2223 101 2209 162 2217 212 2212 252 2204 282 2229 286 2229 290 2229 295 2229 299 2229 307 2225 352 2204 556 2236 590 2213 628 2232 651 2227 661 2221 677 2205 702 2197 747 2200 1107 2195 1160 2225 1517 2168 2123 2152 2018 2057 1770 2077 1576 2079 1511 2090 1205 2106 1117 2087 543 2116 262 2128"/></Shape>
	    <String CONTENT="grecs et en 859 des Danois qui ont doublé l Es¬"
                    HPOS="28.0"
                    VPOS="2057.0"
                    WIDTH="2095.0"
                    HEIGHT="179.0"></String>
          </TextLine>
          <TextLine ID="eSc_line_5b5ac604"
                    TAGREFS="LT80"
                    BASELINE="69 2257 178 2283 402 2290 932 2271 1091 2262 1617 2243" 
                    HPOS="27.0"
                    VPOS="2199.0"
                    WIDTH="1608.0"
                    HEIGHT="152.0">
            <Shape><Polygon POINTS="27 2260 54 2320 134 2310 187 2351 417 2335 421 2335 425 2335 497 2309 944 2314 948 2314 952 2314 1058 2293 1295 2288 1386 2320 1635 2267 1614 2220 1430 2199 1242 2225 1161 2236 1119 2208 908 2210 698 2207 650 2248 609 2256 550 2242 344 2241 93 2212"/></Shape>
	    <String CONTENT="pagne paraissent en Camargue."
                    HPOS="27.0"
                    VPOS="2199.0"
                    WIDTH="1608.0"
                    HEIGHT="152.0"></String>
          </TextLine>
          <TextLine ID="eSc_line_4588ba5b"
                    TAGREFS="LT80"
                    BASELINE="90 2395 188 2413 399 2411 2130 2318" 
                    HPOS="35.0"
                    VPOS="2254.0"
                    WIDTH="2118.0"
                    HEIGHT="233.0">
            <Shape><Polygon POINTS="306 2351 180 2358 130 2314 35 2369 84 2441 235 2446 333 2487 426 2440 473 2429 557 2434 644 2431 722 2433 765 2425 849 2409 914 2399 978 2399 1083 2398 1104 2394 1121 2394 1191 2396 1245 2387 1279 2409 1324 2397 1359 2375 1386 2373 1409 2376 1433 2404 1480 2387 1498 2391 1528 2380 1578 2375 2126 2355 2153 2291 2102 2254 1771 2275 1385 2328 1290 2293 1045 2298 994 2334"/></Shape>
	    <String CONTENT="Vers 890 des sarrasins d Espagne s&#x27;installent"
                    HPOS="35.0"
                    VPOS="2254.0"
                    WIDTH="2118.0"
                    HEIGHT="233.0"></String>
          </TextLine>
          <TextLine ID="eSc_line_818b0584"
                    TAGREFS="LT80"
                    BASELINE="59 2489 200 2515 367 2512 685 2499 881 2471 995 2483 1387 2442 1654 2444 2087 2422" 
                    HPOS="30.0"
                    VPOS="2364.0"
                    WIDTH="2081.0"
                    HEIGHT="222.0">
            <Shape><Polygon POINTS="63 2537 385 2544 377 2586 509 2575 641 2527 910 2535 972 2502 1003 2517 2111 2445 2059 2364 1212 2400 908 2400 420 2445 327 2488 228 2452 81 2451 30 2486"/></Shape>
	    <String CONTENT="entre Hyères et Fréjus et s&#x27;établissent dans"
                    HPOS="30.0"
                    VPOS="2364.0"
                    WIDTH="2081.0"
                    HEIGHT="222.0"></String>
          </TextLine>
          <TextLine ID="eSc_line_7a759c0b"
                    TAGREFS="LT80"
                    BASELINE="51 2579 185 2607 309 2602 415 2606 884 2593 960 2569 2153 2528" 
                    HPOS="24.0"
                    VPOS="2473.0"
                    WIDTH="2145.0"
                    HEIGHT="179.0">
            <Shape><Polygon POINTS="507 2579 406 2574 374 2590 383 2544 58 2539 24 2617 207 2652 597 2642 1058 2611 1114 2623 1134 2625 1160 2599 1204 2587 1253 2590 1299 2597 1336 2613 1420 2600 1479 2588 1492 2596 1562 2580 1838 2579 2127 2579 2169 2546 2136 2498 2003 2476 1725 2473 1423 2503 1236 2512 1005 2515 966 2504 936 2546 772 2548 634 2531"/></Shape>
	    <String CONTENT="une forte position à Fraxinetum (La Garde Frai¬"
                    HPOS="24.0"
                    VPOS="2473.0"
                    WIDTH="2145.0"
                    HEIGHT="179.0"></String>
          </TextLine>
          <TextLine ID="eSc_line_616e58d8"
                    TAGREFS="LT80"
                    BASELINE="61 2673 136 2705 485 2694 563 2696 1111 2669 1172 2659 1499 2645 2050 2637" 
                    HPOS="33.0"
                    VPOS="2584.0"
                    WIDTH="2043.0"
                    HEIGHT="168.0">
            <Shape><Polygon POINTS="178 2653 38 2643 33 2719 188 2752 504 2731 640 2714 949 2714 1239 2710 1243 2710 1378 2684 1383 2684 2061 2667 2076 2650 2054 2586 1797 2584 1376 2609 1196 2593 1127 2633 1048 2617 565 2651"/></Shape>
	    <String CONTENT="net) dans la chaine des Maures. De là ils do¬"
                    HPOS="33.0"
                    VPOS="2584.0"
                    WIDTH="2043.0"
                    HEIGHT="168.0"></String>
          </TextLine>
          <TextLine ID="eSc_line_ccb00ae5"
                    TAGREFS="LT80"
                    BASELINE="80 2774 142 2800 270 2807 472 2792 655 2788 773 2786 1273 2754 1754 2737 1876 2733 1921 2721 2064 2717" 
                    HPOS="29.0"
                    VPOS="2676.0"
                    WIDTH="2069.0"
                    HEIGHT="158.0">
            <Shape><Polygon POINTS="257 2749 171 2770 86 2725 29 2785 93 2834 521 2830 1386 2789 1669 2801 1755 2763 2098 2757 2073 2676 1547 2683 1108 2724 626 2713 540 2737 419 2749"/></Shape>
	    <String CONTENT="minent la Provence et le Dauphiné qu ils sou¬"
                    HPOS="29.0"
                    VPOS="2676.0"
                    WIDTH="2069.0"
                    HEIGHT="158.0"
                    WC="0.9825438049104479"></String>
          </TextLine>
          <TextLine ID="eSc_line_8cead1b8"
                    TAGREFS="LT80"
                    BASELINE="82 2873 169 2900 803 2869 957 2868 1467 2839 2080 2833" 
                    HPOS="48.0"
                    VPOS="2757.0"
                    WIDTH="2044.0"
                    HEIGHT="175.0">
            <Shape><Polygon POINTS="68 2916 157 2925 308 2919 420 2919 469 2923 505 2908 538 2915 563 2923 602 2925 639 2932 670 2922 710 2916 755 2905 805 2904 850 2906 872 2905 952 2899 1045 2891 1100 2899 1169 2897 1249 2909 1355 2891 1701 2867 1763 2869 1816 2869 1864 2876 1909 2880 1990 2857 2088 2868 2092 2819 2064 2757 1957 2771 1741 2772 1681 2813 1439 2795 1349 2793 1278 2796 1241 2797 1199 2800 1137 2811 1107 2808 1067 2808 949 2814 502 2838 80 2837 48 2866"/></Shape>
	    <String CONTENT="mettent d après Schaube, p.98 à une beispiel¬"
                    HPOS="48.0"
                    VPOS="2757.0"
                    WIDTH="2044.0"
                    HEIGHT="175.0"></String>
          </TextLine>
          <TextLine ID="eSc_line_7a8ff3bb"
                    TAGREFS="LT80"
                    BASELINE="76 2966 197 2996 311 2990 1139 2970 1849 2935 2065 2944" 
                    HPOS="36.0"
                    VPOS="2875.0"
                    WIDTH="2044.0"
                    HEIGHT="179.0">
            <Shape><Polygon POINTS="279 3040 736 3054 841 3022 1269 2992 1394 3022 1455 2985 1628 2976 1686 2975 1848 2971 2057 3002 2080 2918 1830 2875 1378 2908 893 2908 597 2939 94 2910 36 2998"/></Shape>
	    <String CONTENT="lose Verheerung. Il est inouï que ce soit une"
                    HPOS="36.0"
                    VPOS="2875.0"
                    WIDTH="2044.0"
                    HEIGHT="179.0"></String>
          </TextLine>
          <TextLine ID="eSc_line_f833d305"
                    TAGREFS="LT80"
                    BASELINE="71 3071 281 3104 2035 3052" 
                    HPOS="31.0"
                    VPOS="2988.0"
                    WIDTH="2019.0"
                    HEIGHT="180.0">
            <Shape><Polygon POINTS="31 3057 59 3125 125 3125 196 3128 257 3135 332 3168 452 3128 507 3150 543 3129 680 3150 844 3123 982 3139 1105 3119 1159 3123 1167 3123 1310 3111 1373 3113 1421 3099 1481 3100 1505 3098 1554 3093 1604 3111 1703 3120 2023 3094 2050 3032 1851 2997 1567 2988 1423 3006 1370 3046 1215 3014 1080 3036 841 3029 734 3058 296 3058 93 3013"/></Shape>
	    <String CONTENT="flotte grecque qui en 931 leur ait infligé une"
                    HPOS="31.0"
                    VPOS="2988.0"
                    WIDTH="2019.0"
                    HEIGHT="180.0"></String>
          </TextLine>
          <TextLine ID="eSc_line_71a9d78e"
                    TAGREFS="LT80"
                    BASELINE="79 3173 181 3209 468 3209 1622 3158 2052 3154" 
                    HPOS="59.0"
                    VPOS="3103.0"
                    WIDTH="2014.0"
                    HEIGHT="160.0">
            <Shape><Polygon POINTS="59 3206 96 3216 131 3255 174 3238 226 3241 363 3242 535 3234 579 3263 903 3253 1233 3216 1856 3185 2006 3198 2073 3157 2022 3103 1686 3127 1585 3106 1328 3117 1070 3144 850 3132 720 3149 559 3150 509 3140 329 3172 307 3161 192 3136 142 3126 88 3124 66 3163"/></Shape>
	    <String CONTENT="défaite. En 942 les Grecs combinent encore des"
                    HPOS="59.0"
                    VPOS="3103.0"
                    WIDTH="2014.0"
                    HEIGHT="160.0"></String>
          </TextLine>
          <TextLine ID="eSc_line_f3e12a75"
                    TAGREFS="LT80"
                    BASELINE="57 3256 204 3297 346 3309 481 3306 1363 3272 1480 3271 1671 3270 2054 3267" 
                    HPOS="32.0"
                    VPOS="3195.0"
                    WIDTH="2040.0"
                    HEIGHT="155.0">
            <Shape><Polygon POINTS="161 3249 37 3218 32 3271 133 3336 331 3336 482 3342 577 3343 617 3332 650 3328 719 3320 778 3342 786 3346 809 3346 831 3346 879 3328 892 3328 937 3330 1163 3334 1167 3334 1307 3312 1345 3317 1374 3350 1418 3316 1480 3325 1522 3325 1526 3325 1551 3308 1582 3310 1678 3317 2008 3310 2072 3283 2034 3208 1786 3195 1545 3241 1421 3206 1149 3235 914 3259 585 3268 517 3238"/></Shape>
	    <String CONTENT="efforts contre eux avec le roi Hugues (Schaube"
                    HPOS="32.0"
                    VPOS="3195.0"
                    WIDTH="2040.0"
                    HEIGHT="155.0"></String>
          </TextLine>
          <TextLine ID="eSc_line_a14e6b23"
                    TAGREFS="LT80"
                    BASELINE="67 3354 274 3422 554 3397 1663 3365 2007 3355" 
                    HPOS="47.0"
                    VPOS="3302.0"
                    WIDTH="1983.0"
                    HEIGHT="171.0">
            <Shape><Polygon POINTS="189 3447 255 3473 401 3436 658 3434 725 3432 761 3435 790 3435 800 3425 847 3426 909 3435 925 3448 1035 3415 1233 3413 1775 3399 2030 3396 2025 3336 1930 3312 1669 3330 1447 3333 1405 3326 1392 3339 1373 3355 1342 3321 1189 3337 903 3341 790 3356 712 3328 630 3347 413 3365 299 3337 130 3345 79 3302 60 3315 47 3352 60 3408"/></Shape>
	    <String CONTENT="Ibid). Je ne crois pas que ce soit en vue de leur"
                    HPOS="47.0"
                    VPOS="3302.0"
                    WIDTH="1983.0"
                    HEIGHT="171.0"></String>
          </TextLine>
          <TextLine ID="eSc_line_c5265236"
                    TAGREFS="LT80"
                    BASELINE="72 3456 156 3498 260 3507 487 3504 586 3492 2118 3462" 
                    HPOS="48.0"
                    VPOS="3402.0"
                    WIDTH="2083.0"
                    HEIGHT="153.0">
            <Shape><Polygon POINTS="300 3554 537 3555 729 3536 815 3511 910 3536 919 3536 1075 3506 1125 3527 1408 3502 1492 3523 1505 3523 1606 3498 1678 3514 1732 3523 1817 3511 1901 3494 2108 3506 2131 3464 2110 3407 1894 3402 1787 3405 1719 3403 1613 3431 1547 3409 1360 3412 996 3435 929 3456 914 3438 399 3439 266 3475 199 3462 113 3418 59 3433 48 3493"/></Shape>
	    <String CONTENT="rouvrir le port d&#x27;Arles comme le croit Schaube."
                    HPOS="48.0"
                    VPOS="3402.0"
                    WIDTH="2083.0"
                    HEIGHT="153.0"></String>
          </TextLine>
          <TextLine ID="eSc_line_53d6216a"
                    TAGREFS="LT80"
                    BASELINE="46 3561 282 3616 792 3602 2072 3573" 
                    HPOS="12.0"
                    VPOS="3496.0"
                    WIDTH="2068.0"
                    HEIGHT="173.0">
            <Shape><Polygon POINTS="899 3656 951 3664 1045 3637 1082 3662 1207 3623 1633 3656 1688 3628 2064 3611 2080 3557 1943 3532 1827 3530 1769 3527 1728 3536 1696 3528 1659 3526 1595 3528 1553 3523 1511 3530 1420 3523 1256 3521 1193 3530 1121 3542 1005 3538 904 3551 725 3538 544 3560 485 3555 299 3559 76 3496 12 3598 406 3669 615 3629 672 3655 745 3645"/></Shape>
	    <String CONTENT="C&#x27;est seulement en 973 que le comte Guillaume"
                    HPOS="12.0"
                    VPOS="3496.0"
                    WIDTH="2068.0"
                    HEIGHT="173.0"></String>
          </TextLine>
          <TextLine ID="eSc_line_7ef6c7b1"
                    TAGREFS="LT80"
                    BASELINE="56 3659 188 3704 374 3716 1573 3700 2054 3701" 
                    HPOS="24.0"
                    VPOS="3614.0"
                    WIDTH="2048.0"
                    HEIGHT="166.0">
            <Shape><Polygon POINTS="71 3701 333 3777 743 3742 1433 3740 1553 3740 1657 3747 1865 3780 2017 3747 2068 3737 2072 3648 1964 3633 1688 3635 1628 3667 1570 3656 1473 3642 1416 3635 1379 3641 1364 3645 1235 3637 1187 3629 1144 3652 1073 3671 1039 3639 954 3673 895 3654 742 3646 664 3671 611 3631 533 3662 466 3664 401 3669 267 3648 59 3614 24 3690"/></Shape>
	    <String CONTENT="d&#x27;Arles parvint à les bouter dehors (Ibid. 99)."
                    HPOS="24.0"
                    VPOS="3614.0"
                    WIDTH="2048.0"
                    HEIGHT="166.0"></String>
          </TextLine>
          <TextLine ID="eSc_line_8829280e"
                    TAGREFS="LT80"
                    BASELINE="72 3756 143 3807 287 3825 691 3827 738 3810 2016 3807" 
                    HPOS="39.0"
                    VPOS="3703.0"
                    WIDTH="1991.0"
                    HEIGHT="193.0">
            <Shape><Polygon POINTS="244 3879 333 3856 388 3896 434 3865 487 3857 535 3855 573 3852 645 3861 708 3854 832 3857 1113 3840 1495 3858 1762 3838 1894 3844 2030 3843 2028 3785 1994 3753 1938 3763 1903 3776 1862 3783 1695 3761 1402 3738 1247 3742 1216 3751 1124 3757 1083 3772 1060 3766 1024 3763 987 3761 953 3748 899 3761 881 3763 855 3772 818 3774 779 3749 693 3756 636 3749 570 3768 547 3770 507 3768 448 3770 331 3791 77 3703 39 3746 58 3807"/></Shape>
	    <String CONTENT="Mais jusque là, ils ont non seulement &lt;......&gt;"
                    HPOS="39.0"
                    VPOS="3703.0"
                    WIDTH="1991.0"
                    HEIGHT="193.0"></String>
          </TextLine>
          <TextLine ID="eSc_line_d2cff20e"
                    TAGREFS="LT80"
                    BASELINE="74 3867 191 3922 623 3925 723 3917 1224 3912 1372 3925 1498 3922 1566 3909 2018 3905" 
                    HPOS="32.0"
                    VPOS="3831.0"
                    WIDTH="2008.0"
                    HEIGHT="139.0">
            <Shape><Polygon POINTS="615 3966 619 3966 748 3962 1134 3962 1138 3962 1142 3962 1146 3962 1180 3958 1245 3958 1294 3960 1450 3959 1579 3958 1857 3956 2006 3949 2040 3920 2036 3890 2017 3865 1971 3841 1933 3845 1890 3854 1860 3865 1832 3858 1777 3846 1737 3845 1703 3852 1680 3868 1643 3865 1615 3850 1564 3857 1528 3871 1486 3881 1411 3873 1151 3848 826 3858 429 3871 387 3899 328 3862 233 3888 76 3831 32 3898 221 3970"/></Shape>
	    <String CONTENT="maitrisé la côte mais encore dominé les"
                    HPOS="32.0"
                    VPOS="3831.0"
                    WIDTH="2008.0"
                    HEIGHT="139.0"
                    WC="0.9998769500316718"></String>
          </TextLine>
          <TextLine ID="eSc_line_bf41e431"
                    TAGREFS="LT80"
                    BASELINE="72 3960 214 4026 589 4043" 
                    HPOS="35.0"
                    VPOS="3911.0"
                    WIDTH="625.0"
                    HEIGHT="183.0">
            <Shape><Polygon POINTS="251 4090 609 4094 660 4026 463 3977 231 3974 78 3911 35 3947 67 4014"/></Shape>
	    <String CONTENT="cols des Alpes."
                    HPOS="35.0"
                    VPOS="3911.0"
                    WIDTH="625.0"
                    HEIGHT="183.0"></String>
          </TextLine>
          <TextLine ID="eSc_line_f63e4290"
                    TAGREFS="LT80"
                    BASELINE="73 4093 228 4144 307 4145 1873 4125 1920 4142 2017 4148" 
                    HPOS="48.0"
                    VPOS="4034.0"
                    WIDTH="2000.0"
                    HEIGHT="161.0">
            <Shape><Polygon POINTS="79 4164 151 4156 364 4195 461 4195 509 4194 548 4181 552 4181 581 4171 618 4170 676 4181 779 4166 902 4191 1100 4164 1121 4160 1155 4164 1294 4181 1298 4181 1365 4164 1406 4168 1461 4168 1492 4181 1496 4181 1501 4181 1505 4181 1576 4168 1614 4160 1652 4168 1724 4181 1728 4181 1732 4181 1946 4189 2048 4163 1984 4075 1717 4075 1553 4056 1391 4076 764 4096 284 4094 204 4078 139 4044 101 4034 75 4042 48 4091"/></Shape>
	    <String CONTENT="Ça ne va pas mieux sur la côte italienne. En"
                    HPOS="48.0"
                    VPOS="4034.0"
                    WIDTH="2000.0"
                    HEIGHT="161.0"></String>
          </TextLine>
          <TextLine ID="eSc_line_932cf99a"
                    TAGREFS="LT80"
                    BASELINE="88 4209 187 4245 284 4253 1116 4258 1363 4248 1501 4259 1652 4261 1845 4274 2022 4267" 
                    HPOS="51.0"
                    VPOS="4168.0"
                    WIDTH="2002.0"
                    HEIGHT="166.0">
            <Shape><Polygon POINTS="495 4274 630 4278 632 4315 923 4286 1037 4295 1073 4299 1094 4307 1121 4328 1138 4328 1205 4307 1261 4320 1296 4309 1331 4312 1370 4292 1532 4298 1662 4296 1682 4328 1724 4323 1809 4312 2007 4305 2053 4272 1992 4191 1836 4214 1496 4206 1412 4180 1302 4193 908 4198 809 4191 771 4168 708 4212 628 4208 537 4197 446 4202 395 4210 320 4202 164 4178 65 4196 51 4267 253 4334 297 4282"/></Shape>
	    <String CONTENT="935 Genes est pillé et en 979 l archevêque dit"
                    HPOS="51.0"
                    VPOS="4168.0"
                    WIDTH="2002.0"
                    HEIGHT="166.0"></String>
          </TextLine>
          <TextLine ID="eSc_line_b6576b56"
                    TAGREFS="LT80"
                    BASELINE="67 4311 181 4362 316 4375 1998 4373" 
                    HPOS="45.0"
                    VPOS="4278.0"
                    WIDTH="1978.0"
                    HEIGHT="149.0">
            <Shape><Polygon POINTS="538 4404 695 4419 855 4427 1066 4413 1155 4408 1590 4423 1701 4416 1870 4419 1990 4404 2023 4364 1996 4315 1937 4308 1857 4320 1823 4330 1705 4337 1627 4328 1517 4322 1260 4332 1206 4316 1123 4333 1006 4314 899 4313 433 4326 231 4338 105 4278 45 4299 54 4362 219 4406 400 4422"/></Shape>
	    <String CONTENT="res nostrae ecclesiae vastatae et depopulate"
                    HPOS="45.0"
                    VPOS="4278.0"
                    WIDTH="1978.0"
                    HEIGHT="149.0"></String>
          </TextLine>
          <TextLine ID="eSc_line_8322b7d5"
                    TAGREFS="LT80"
                    BASELINE="50 4407 230 4476 361 4482 616 4483 1158 4485" 
                    HPOS="31.0"
                    VPOS="4381.0"
                    WIDTH="1149.0"
                    HEIGHT="151.0">
            <Shape><Polygon POINTS="750 4511 801 4532 874 4507 1165 4522 1180 4487 1161 4436 1094 4415 999 4417 933 4430 843 4434 665 4421 539 4404 482 4423 385 4428 263 4413 119 4381 46 4381 31 4448 261 4513 422 4506"/></Shape>
	    <String CONTENT="et sine habitatore relicte."
                    HPOS="31.0"
                    VPOS="4381.0"
                    WIDTH="1149.0"
                    HEIGHT="151.0"></String>
          </TextLine>
          <TextLine ID="eSc_line_5b1fea0b"
                    TAGREFS="LT80"
                    BASELINE="76 4528 238 4587 590 4593 749 4593 2051 4595" 
                    HPOS="64.0"
                    VPOS="4494.0"
                    WIDTH="2000.0"
                    HEIGHT="175.0">
            <Shape><Polygon POINTS="706 4632 1660 4632 1901 4623 1958 4617 2051 4628 2064 4590 2036 4539 1939 4532 1790 4528 1688 4554 1505 4535 1450 4516 1414 4539 1319 4507 1279 4552 1221 4571 1001 4556 515 4537 361 4556 125 4494 64 4507 68 4566 227 4613 313 4649 392 4621 491 4632 536 4669"/></Shape>
	    <String CONTENT="On comprend que dans ces conditions les ports soient"
                    HPOS="64.0"
                    VPOS="4494.0"
                    WIDTH="2000.0"
                    HEIGHT="175.0"></String>
          </TextLine>
          <TextLine ID="eSc_line_0874c0ba"
                    TAGREFS="LT80"
                    BASELINE="74 4615 160 4662 260 4683 452 4695 955 4693 1124 4699 2038 4683" 
                    HPOS="52.0"
                    VPOS="4577.0"
                    WIDTH="2014.0"
                    HEIGHT="181.0">
            <Shape><Polygon POINTS="256 4729 375 4733 425 4731 519 4720 737 4745 811 4741 877 4739 896 4743 940 4726 967 4726 995 4737 1003 4737 1049 4743 1092 4745 1147 4731 1211 4758 1264 4728 1476 4728 2058 4716 2066 4635 1958 4618 1665 4636 1086 4636 823 4637 629 4647 525 4668 490 4638 410 4624 336 4643 292 4653 237 4621 100 4577 52 4600 59 4670"/></Shape>
	    <String CONTENT="bouchés à tout trafic. Pour qui veut du Nord aller"
                    HPOS="52.0"
                    VPOS="4577.0"
                    WIDTH="2014.0"
                    HEIGHT="181.0"></String>
          </TextLine>
          <TextLine ID="eSc_line_2b14d163"
                    TAGREFS="LT80"
                    BASELINE="76 4726 183 4769 298 4794 749 4799 1171 4799 1239 4779 2036 4779" 
                    HPOS="52.0"
                    VPOS="4682.0"
                    WIDTH="1980.0"
                    HEIGHT="183.0">
            <Shape><Polygon POINTS="86 4770 271 4837 551 4836 604 4863 724 4844 933 4865 1076 4822 1179 4831 1277 4813 1562 4809 1631 4822 1752 4823 1819 4829 2028 4809 2032 4775 2023 4727 1874 4730 1807 4742 1769 4731 1732 4723 1680 4738 1651 4747 1627 4737 1541 4736 1433 4740 1364 4737 1330 4731 1298 4736 1262 4733 1207 4767 1171 4763 1142 4732 1106 4752 1016 4748 799 4752 526 4725 446 4733 415 4741 304 4739 178 4710 75 4682 52 4713"/></Shape>
	    <String CONTENT="à l&#x27;Italie il n&#x27;y a plus que les Cluses des Alpes où"
                    HPOS="52.0"
                    VPOS="4682.0"
                    WIDTH="1980.0"
                    HEIGHT="183.0"></String>
          </TextLine>
          <TextLine ID="eSc_line_4e4a0f69"
                    TAGREFS="LT80"
                    BASELINE="79 4825 119 4849 192 4882 276 4901 636 4909 1166 4899 1257 4888 1606 4891 2058 4881 2186 4884" 
                    HPOS="34.0"
                    VPOS="4774.0"
                    WIDTH="2187.0"
                    HEIGHT="193.0">
            <Shape><Polygon POINTS="1270 4848 1192 4864 1071 4831 1019 4847 927 4874 680 4849 611 4878 531 4841 462 4874 234 4847 97 4774 34 4847 206 4940 350 4967 529 4946 708 4931 877 4952 938 4942 972 4938 990 4942 1022 4944 1102 4937 1136 4944 1205 4918 1264 4944 1277 4944 1332 4918 1598 4931 1644 4916 1677 4921 1732 4935 1853 4918 2146 4925 2217 4902 2221 4830 2110 4840 1839 4836 1613 4838 1523 4857 1393 4849 1359 4828 1309 4849"/></Shape>
	    <String CONTENT="l on risque d&#x27;ailleurs d&#x27;être détroussé ou massacré"
                    HPOS="34.0"
                    VPOS="4774.0"
                    WIDTH="2187.0"
                    HEIGHT="193.0"></String>
          </TextLine>
        </TextBlock>
        <TextBlock HPOS="2151.0"
                   VPOS="2184.0"
                   WIDTH="1797.0"
                   HEIGHT="412.0"
                   ID="4aba343e-66f2-4347-a327-d5fe344109b8"
                   TAGREFS="BT140">
          <Shape><Polygon POINTS="3948 2184 3938 2498 2212 2596 2151 2406 2243 2342 2315 2231"/></Shape>
          <TextLine ID="eSc_line_e259dadf"
                    TAGREFS="LT80"
                    BASELINE="2279 2334 2348 2340 3553 2273 3903 2257" 
                    HPOS="2253.0"
                    VPOS="2198.0"
                    WIDTH="1692.0"
                    HEIGHT="208.0">
            <Shape><Polygon POINTS="3664 2219 3590 2225 3465 2219 3394 2236 3279 2236 3248 2231 3187 2223 3120 2231 3107 2238 2974 2242 2890 2233 2823 2237 2770 2238 2639 2250 2550 2275 2380 2263 2306 2232 2253 2332 2264 2373 2373 2406 2425 2376 2565 2360 2626 2377 2643 2377 2669 2356 2845 2349 2879 2366 2915 2383 2972 2349 3117 2324 3257 2326 3902 2300 3945 2244 3899 2198 3801 2208"/></Shape>
	    <String CONTENT="Déjà en Août 890 un texte dit : Sarrazeni"
                    HPOS="2253.0"
                    VPOS="2198.0"
                    WIDTH="1692.0"
                    HEIGHT="208.0"></String>
          </TextLine>
          <TextLine ID="eSc_line_0f64f6c8"
                    TAGREFS="LT80"
                    BASELINE="2215 2428 2298 2442 2514 2431 3217 2389 3894 2349" 
                    HPOS="2187.0"
                    VPOS="2301.0"
                    WIDTH="1741.0"
                    HEIGHT="175.0">
            <Shape><Polygon POINTS="2187 2476 3928 2386 3857 2301 3103 2341 2375 2404 2193 2368"/></Shape>
	    <String CONTENT="Provinciam depopulantes terram in so¬"
                    HPOS="2187.0"
                    VPOS="2301.0"
                    WIDTH="1741.0"
                    HEIGHT="175.0"></String>
          </TextLine>
          <TextLine ID="eSc_line_3f3e1648"
                    TAGREFS="LT80"
                    BASELINE="2226 2520 2434 2514 2714 2507 3455 2458 3727 2467" 
                    HPOS="2188.0"
                    VPOS="2404.0"
                    WIDTH="1558.0"
                    HEIGHT="169.0">
            <Shape><Polygon POINTS="2809 2450 2715 2478 2460 2457 2229 2477 2188 2545 2224 2573 2430 2554 2572 2541 2746 2535 2858 2551 2894 2554 2977 2522 3065 2529 3119 2518 3221 2520 3255 2520 3287 2510 3333 2520 3377 2512 3413 2512 3459 2507 3518 2507 3565 2515 3604 2518 3634 2528 3661 2524 3708 2505 3746 2475 3719 2420 3555 2409 3490 2404 3317 2419 3176 2440 3020 2438 2940 2463 2899 2446 2858 2473"/></Shape>
	    <String CONTENT="litudinem redigebant. Capit. II 377."
                    HPOS="2188.0"
                    VPOS="2404.0"
                    WIDTH="1558.0"
                    HEIGHT="169.0"></String>
          </TextLine>
        </TextBlock>
      </PrintSpace>
    </Page>
  </Layout>
</alto>
