3978 5058
3446.0 0.0 398.0 295.0 202

32.0 32.0 2071.0 153.0 trouve en présence d'une civilisation qui

697.0 137.0 168.0 57.0 à ce

0.0 123.0 2305.0 165.0 a rétrogradé <...> Stade purement agricole

52.0 214.0 2226.0 139.0 qui n'a plus besoin de commerce, de crédit

36.0 328.0 2030.0 141.0 et d'échange réguliers pour le maintien du

25.0 423.0 594.0 138.0 corps social.

35.0 501.0 2100.0 160.0 On a vu plus haut que de cette grande trans¬

23.0 623.0 2050.0 150.0 formation c'est la fermeture par l'Islam

20.0 724.0 2121.0 171.0 de la Méditerranée occidentale qui a été

15.0 842.0 2092.0 152.0 la cause essentielle. Les Carolingiens ont pu

11.0 927.0 2112.0 158.0 arrêter la montée des Sarrasins vers le Nord.

12.0 1026.0 2066.0 167.0 Ils n'ont pu rouvrir la mer et d'ailleurs ne

15.0 1138.0 2128.0 168.0 l'ont pas essayé. Vis à vis d'eux, leur attitude

24.0 1236.0 2192.0 165.0 a été purement défensive. Les premiers d'entre

17.0 1369.0 2111.0 142.0 eux jusqu'à la fin de Charles Martel ont encore

0.0 1458.0 2181.0 150.0 augmenté le désordre pour pouvoir défendre

29.0 1544.0 2106.0 173.0 le royaume attaqué partout. L'Eglise a été

22.0 1661.0 1990.0 150.0 mise au pillage. Il y a eu partout valida

0.0 1766.0 2046.0 126.0 perturbatio par la substitution de leurs

41.0 1850.0 1972.0 179.0 vassaux germaniques aux aristocrates ro¬

25.0 1957.0 2280.0 132.0 mans, partisans d'Ebroïn ou d'Eudes d'Aqui¬

31.0 2060.0 2025.0 144.0 taine. Il semble bien que le règne de Charles

37.0 2160.0 2085.0 129.0 ait vu se répéter des troubles analogue à ceux

44.0 2258.0 2032.0 138.0 des invasions germaniques. N'oublions pas

41.0 2344.0 2073.0 134.0 qu'il brûle les villes du Midi. Tout ce qui res¬

8.0 2446.0 2072.0 145.0 tait alors d organisation municipale et d'or¬

42.0 2531.0 2038.0 146.0 ganisation commerciale a certainement

36.0 2642.0 2067.0 152.0 disparu. Et il en a été de même de ce grands

42.0 2734.0 2001.0 174.0 corps ecclésiastique sur lequel reposaient la

26.0 2845.0 2006.0 146.0 charité publique, les hopitaux, l'entretien

0.0 2950.0 2096.0 153.0 des villes. Les écoles ont cessé de dispenser l'ins¬

23.0 3045.0 2141.0 164.0 truction. Quand Pepin succède à son père toute

0.0 3125.0 2082.0 142.0 l aristocratie et donc tout le peuple doit

37.0 3231.0 2044.0 179.0 être aussi illettrée que lui-même. Les négo¬

35.0 3350.0 2036.0 151.0 ciants des villes se sont dispersés. Le clergé lui

61.0 3464.0 2484.0 132.0 même est dans un état de barbarie, d'i¬

14.0 3563.0 2115.0 127.0 gnorance et d'immoralité dont il suffit

0.0 3681.0 2098.0 126.0 de lire les lettres de S. Boniface pour se

48.0 3773.0 2081.0 155.0 faire une idée. "A cette époque lamentable

45.0 3875.0 2134.0 195.0 dit Hincmar ds la Vita Remigii MGH. SS. Merov.

54.0 3990.0 2003.0 192.0 III, 251, <... ....> non seulement on enleva à

61.0 4089.0 1976.0 190.0 l Eglise de Reims tout ce qu'elle possédait

65.0 4186.0 2035.0 200.0 de précieux, mais les maisons des religieux

45.0 4301.0 2143.0 167.0 furent détruites et dilapidées par l'évêque.

43.0 4419.0 2060.0 166.0 Les quelques malheureux clercs qui subsis¬

49.0 4527.0 1991.0 161.0 taient cherchaient les moyens de vrire en

48.0 4619.0 2091.0 163.0 commerçant et ils cachaient les deniers qu'ils

52.0 4746.0 2078.0 139.0 gagnaient ainsi dans des chartes et des ma¬

56.0 4849.0 2027.0 154.0 nuscrits". On peut juger par cet état d'une
