3978 5058
3545 33 392 270 188

92 16 2019 172 porte décidément. Il n'y a plus que lui de

70 149 2100 138 vivant au temporel depuis que l'Islam a rui¬

71 236 2143 179 né la Gaule et il 'y a plus que lui qui puisse sou¬

49 292 2159 182 tenir la papauté depuis que l'Empire helléni¬

39 422 2105 165 sé l'a rejetée d'elle. Chose curieuse, Von Schu¬

62 511 2071 173 bert p. 287 trouve ici la vérité dans les mots

69 635 2047 141 qu il employe pour caractériser l'influence

53 737 2098 152 prepondérante de l'Eglise anglo saxonne :

64 841 2108 138 "Die Heimat der abendländischen Christen¬

61 923 2097 177 heit, der schauplatz ihrer Geschichte hats sich

75 1032 2951 136 nach Norden Verschoben ; die Linie Rom,

62 1127 2025 185 Metz, York bezeichnet ihn. Rom die Herrin

38 1232 2151 169 liegt nicht mehr im Mittelpunkt, sondern

78 1337 2121 142 an der Peripherie. Zerbrochen ist die Einheits¬

48 1445 2151 128 Kultur der Mittelmeerländer. Neue Völ¬

49 1559 2016 141 Ker drängen sich ans Licht und streben

67 1651 2160 155 nach neuer Einheit. Eine neue Zeit beginnt,

57 1757 1617 186 die der Ubergangs ist vorüber".

64 1871 2050 198 En effet 751 marque l'alliance des caro¬

71 1999 2104 164 lingiens avec la papauté. Elle s'est nouée

45 2102 2175 163 sous Zacharie, elle s'achèvera sous Etienne II.

50 2203 2107 188 Pour que le renversement de situation soit

60 2322 2133 168 complet, il faut que le dernier fil qui ratta¬

0 2439 3404 115 che encore le pape à l'Empire se rompe. Car

61 2516 1978 156 tant qu'il subsiste la papauté est forcée de

73 2609 2081 154 demeurer contre nature une puissance mé¬

56 2708 2037 158 diterranéenne. Elle le serait restée sans aucun

75 2812 1978 154 doute si l'Islam ne lui avait enlevé l'A¬

67 2906 1995 173 frique et l'Espagne. Mais la Germanie au N.

69 3018 1528 141 pèse maintenant plus lourd.

81 3119 1969 172 Encore la tradition était si forte que si par

72 3217 1988 159 impossible l'Empereur avait pu refouler les

76 3304 1956 173 Lombards, le pape lui serait resté. Mais en

59 3411 1968 152 749 avec l apparition d'Astolphe les Lombards

78 3507 2024 174 reprennent leur politique conquérante. En 751,

69 3599 2007 184 ils s'emparent de Ravenne et cette fois pour

49 3683 2022 208 tout de bon. Rome ne peut plus échapper à son

76 3806 2066 183 sort. En 752 L'armée d'Astolphe est devant

82 3910 1993 170 ses murs. Il faut un secours. Etienne com¬

72 4004 2050 173 mence par implorer celui de l'iconoclaste

80 4102 1988 183 Il lui demande une armée et qu'il vienne

77 4210 2070 180 pr libérer la ville de Rome Vel cunctam Italiam

94 4331 2067 184 de morsibus filii iniquitatis (Jaffé p. 271) Mais

87 4412 1956 206 Constantin envoye le silentiaire Jean. As¬

90 4526 1953 193 tolphe le reçoit et refuse toute concession.

89 4627 1914 193 Mais il implore aussi le secours de Pepin.

1490 4771 299 67 Etienne

105 4762 1999 175 Avant de faire le pas décisif <........> lui-

117 4881 2053 143 même à Pavie demander à Astolphe de rendre
