4090 5056
3703.0 25.0 250.0 332.0 67

143.0 42.0 2008.0 147.0 il en serait ainsi, il faut déduire que les

129.0 140.0 2072.0 140.0 epices étaient d'un emploi tellement ré¬

126.0 236.0 2020.0 178.0 pendu que la cuisine même des moines ne

148.0 365.0 1076.0 118.0 pouvait s'en passer.

140.0 421.0 2070.0 163.0 Cela est tellement vrai que le roi prévoit pour

143.0 522.0 1983.0 136.0 les missi du monastere à Fos une livre

137.0 615.0 2051.0 155.0 de garum 1 onces de poivre, 2 onces de ciminum.

134.0 690.0 2009.0 155.0 Ainsi même de pauvres diables ne pouvaient

146.0 780.0 1952.0 160.0 pas plus se passer de poivre que de sel. Ces

140.0 862.0 2025.0 171.0 prestations aux missi devaient se faire de

151.0 966.0 1978.0 160.0 toutes les étapes ou si l'on veut dans tous

146.0 1081.0 1977.0 160.0 les relais de poste à l'aller et au retour, ce

148.0 1174.0 2071.0 160.0 qui revient à dire qu'on en trouvait partout.

146.0 1286.0 1991.0 174.0 On peut faire une constatation analogue en

137.0 1379.0 2011.0 167.0 lisant la tractoria que Marculf nous a con

157.0 1477.0 1963.0 185.0 servée I 11 p. 49. On y retrouve à peu près

142.0 1549.0 2085.0 207.0 les mêmes épices que dans l'acte pour Corbie.

134.0 1674.0 1939.0 197.0 Je sais bien que Krusch (Gesells Gott,1916) a

148.0 1775.0 2003.0 210.0 prétendu que Marculf avait tout simple¬

162.0 1873.0 1953.0 191.0 ment copié Corbie. Il s'amuse en disant

169.0 2004.0 2019.0 188.0 que les fonctionnaires royaux n'ont pu manger

154.0 2101.0 1958.0 179.0 tout ça et il a sans doute raison. Mais il

157.0 2199.0 1997.0 180.0 est impossible d'admettre d'autre part que

153.0 2297.0 2026.0 186.0 Marculf ait pu introduire toutes ces épices

151.0 2415.0 1955.0 174.0 dans sa formule si les dites épices étaient

162.0 2519.0 1972.0 171.0 rares. Pour lui, tout cela devait être d'u¬

143.0 2631.0 2036.0 177.0 sage courant et c'est d'autant plus signi¬

140.0 2730.0 2135.0 221.0 ficatif qu'il écrit dans le Nord. D'ailleurs

118.0 2839.0 2204.0 194.0 est-il exact que Marculf n'a fait que copier?

151.0 2952.0 2028.0 177.0 Il ajoute des animaux comestibles à Corbie

148.0 3061.0 2068.0 163.0 Et s'il avait copié comme un imbécile pour¬

148.0 3178.0 1993.0 164.0 quoi a-t-il laissé les tonnes de papyrus de

154.0 3298.0 1056.0 142.0 côté ? Bref non liquet.

171.0 3378.0 1961.0 200.0 Mais d'ailleurs on a des quantités (?) de textes

151.0 3514.0 2079.0 179.0 sur des marchands d'épices. J en ai dejà donné

134.0 3643.0 1312.0 157.0 plus haut, p.63 pour des Juifs.

143.0 3730.0 1997.0 190.0 Par les épices le commerce Oriental ressemble à

154.0 3850.0 1868.0 191.0 celui des Villes Italiennes depuis le XIIe siècle.

151.0 3977.0 1964.0 178.0 Gregoire VI. 32 dit qu'on vend des species dans

160.0 4123.0 1414.0 179.0 les domus negotiatum à Paris.

160.0 4213.0 2027.0 174.0 en tous cas, le diplome de Corbie et ce que l'on peut

146.0 4350.0 2031.0 172.0 en tirer suffit pour souligner l importance essen¬

146.0 4460.0 2011.0 192.0 tielle du trafic des épices à l'epoque Mérov. Et il n y

171.0 4587.0 1975.0 185.0 a pas de doute que ce qui est vrai de la Gaule l'est

142.0 4741.0 1810.0 141.0 aussi des autres côtes de la mer Tyrrhénienne.

2252.0 1486.0 1655.0 171.0 En revanche aucune épice à l'époque

2261.0 1580.0 1643.0 175.0 Carol. pr les fonctionn. Waitz IVe p.23

2194.0 3098.0 1438.0 182.0 Sproemberg p. 89 admet Krusch.

2188.0 4044.0 1809.0 191.0 Pour les épices citer aussi le texte de Cam¬

2250.0 4186.0 795.0 153.0 brai (Adalard).
