3978 5058
3446.0 46.0 446.0 350.0 196

43.0 8.0 2070.0 163.0 pape quoiqu'il ne nie pas la souveraineté

50.0 124.0 2048.0 146.0 de l'empereur y échappe en fait. Comment

36.0 212.0 2016.0 115.0 l'idée ne lui viendrait-elle pas de tirer la

48.0 295.0 2162.0 162.0 conclusion de ce qui existe et de reconstituer

43.0 382.0 2042.0 145.0 au profit de Charles l'empire qui n'est plus

36.0 475.0 1901.0 151.0 exercé en Occident depuis le Ve siècle ?

65.0 574.0 2057.0 160.0 Ce à quoi il pense d'ailleurs, ce n'est évidem¬

50.0 678.0 2118.0 116.0 ment pas à refaire l'empire in partibus oc¬

33.0 767.0 2046.0 134.0 cidentis et de donner si on peut dire un suc¬

19.0 856.0 2151.0 166.0 cesseur à Romulus Augustulus. Faire cela,

4.0 962.0 2171.0 130.0 ce serait ramener l'empereur à Rome et pas¬

12.0 1066.0 2105.0 112.0 ser sous son pouvoir. Or il veut rester in¬

25.0 1168.0 2093.0 141.0 dependant de lui. La mosaïque le prouve

46.0 1270.0 2130.0 167.0 bien qu il a fait faire dans le triclinium

33.0 1348.0 2065.0 150.0 du Latran où l'on voit Saint Pierre remet¬

0.0 1462.0 2036.0 139.0 tant le pallium à Léon III et l'étendard à

31.0 1557.0 2075.0 145.0 Charles. Ce n'est donc pas la Rome d'Auguste,

23.0 1659.0 2071.0 176.0 mais la Rome de S. Pierre qui dirige ici les

35.0 1761.0 2091.0 163.0 idées. Mais la Rome de S. Pierre, c'est la tête

48.0 1868.0 2025.0 170.0 de l'ecclesia, de cette ecclesia dont Charles

11.0 1966.0 2207.0 154.0 se proclame le soldat ; ne dit-il par lui même

21.0 2062.0 2131.0 157.0 en parlant à Léon III que son peuple est le po¬

24.0 2185.0 1219.0 127.0 <...> pulus Christianus ?

25.0 2263.0 2056.0 149.0 Mais prendre lui-même ce titre comment

0.0 2351.0 2038.0 159.0 le pourrait-il ? Il pourrait se le faire donner

36.0 2472.0 1999.0 164.0 par un synode de son église. Mais ce serait

27.0 2566.0 2031.0 176.0 bien dangereux. Si le pape prend l'initiative

49.0 2663.0 1971.0 137.0 au contraire, tous les avantages sont pour

18.0 2783.0 2030.0 131.0 lui et en somme aussi pour l'Empereur qui

42.0 2872.0 2026.0 133.0 <..> recevoir ce titre à Rome en éprouvera la

35.0 2987.0 2013.0 146.0 légitimité et la majesté. La disproportion

29.0 3090.0 2086.0 138.0 qu il y a entre patricius et Charles disparaîtra.

29.0 3165.0 2029.0 141.0 Il sera le représentant militaire de S. Pierre

26.0 3255.0 2011.0 141.0 comme le pape en est le représentant religieux.

12.0 3352.0 2010.0 143.0 Ils seront l'un et l'autre conjugué dans un

40.0 3467.0 1630.0 144.0 même systême, celui de l'ecclésia.

46.0 3542.0 2043.0 130.0 De là l evenement du 25 décembre 800. Ch.

37.0 3669.0 2041.0 152.0 y a reçu son titre suivant la forme usitée

45.0 3775.0 1996.0 161.0 à Byzance par l'Acclamatio. Si le pape lui

24.0 3879.0 2139.0 146.0 a ensuite placé la couronne sur la tête et l'a

34.0 3968.0 1999.0 180.0 adoré, il n'y avait rien là d'indispensable.

45.0 4067.0 2024.0 181.0 Le pouvoir qu'il a reçu en fait non un empe¬

16.0 4181.0 2044.0 162.0 reur, mais l'empereur. Il n'y a pas plus de pos¬

35.0 4279.0 1998.0 157.0 sibilite d y avoir deux empereurs que deux

0.0 4395.0 2021.0 148.0 papes. Rien qui ressemble non plus à l'em

13.0 4469.0 2021.0 187.0 des deux augustes de la dyarchie. Charles est

32.0 4560.0 2123.0 199.0 l'empereur de l'ecclesia telle que la conçoit

63.0 4678.0 2004.0 186.0 le pape, de l'Eglise romaine dans le sens de

35.0 4783.0 2006.0 174.0 l Eglise universelle. Il est a Deo coronatus,

2231.0 2957.0 1661.0 192.0 En 800 Charles a conquis la Saxe, la

2175.0 3035.0 1701.0 210.0 Bavière, anéanti les Avars, attaqué

2165.0 3220.0 507.0 111.0 l'Espagne

2166.0 4775.0 1052.0 181.0 serenissimus Augustus,
