4090 5032
3632.0 159.0 244.0 218.0 13

1254.0 12.0 604.0 101.0 et des Burgondes

104.0 41.0 1985.0 181.0 des Alains et des Suèves qui bousculent

88.0 197.0 2063.0 142.0 Francs et Alamans passent à travers eux

88.0 314.0 1988.0 134.0 et filent au Sud vers la méditerranée. on

92.0 431.0 2093.0 151.0 a vu que las Wisigoths ont été employés contre

88.0 427.0 3490.0 285.0 eux en Espagne. Et il a fallu que Stilicon rappelât les Troupes pr défendre l'Italie.

100.0 616.0 2077.0 172.0 Mais l'Espagne elle même n'est qu un pas¬

92.0 721.0 1988.0 205.0 sage vers l'Afrique. Ce que des Goths n'ont

92.0 872.0 1959.0 159.0 pu faire réussit à Genséric qui grâce aux

83.0 972.0 1976.0 139.0 bateaux de Carthagène passe le détroit et y

121.0 1060.0 1921.0 143.0 arrive avec 50000 hommes. C'est en 427

96.0 1178.0 1959.0 151.0 et l'on peut considérer cela comme le coup

92.0 1270.0 2072.0 164.0 décisif. C'est l âme même de la Republique

100.0 1387.0 2051.0 172.0 qui disparait dit Salvien. Quand Genséric

92.0 1492.0 2068.0 181.0 en 439 a pris Carthage c a d la grande base

96.0 1593.0 2089.0 172.0 navale de l'Occident, la situation de l'Em¬

88.0 1715.0 2059.0 184.0 pire en Occident est ébranlée à fond. Il perd

83.0 1836.0 2035.0 180.0 cette Méditerranée qui avait été pour lui

96.0 1949.0 2022.0 189.0 jusqu'alors le grand instrument de sa ré¬

83.0 2046.0 2001.0 172.0 sistance. L approvisionnement de Rome est

92.0 2163.0 1976.0 176.0 en péril. la mer est au pouvoir des barbares

88.0 2276.0 2022.0 164.0 En 441 l Empereur envoye contre eux une ex¬

88.0 2381.0 2013.0 185.0 pédition qui échoue car la partie est égale

83.0 2482.0 1993.0 201.0 et sans nul doute les Vandales combattent

83.0 2557.0 2526.0 239.0 la flotte de Byzance avec celle de Carthagène. Alors Valentinien

96.0 2700.0 1959.0 201.0 <..... ....> reconnaît leur établis ement

83.0 2784.0 2047.0 235.0 dans toute l'Afrique des colonnes d'Hercule au golfe

83.0 2893.0 2110.0 243.0 de Naples : Mauritanie Tingitane, Tingitane, By¬

83.0 2981.0 2408.0 285.0 zacène et Numidie (442) mais ce n'est qu'une trêve.

104.0 3212.0 2047.0 176.0 On a considéré Genséric comme un homme

92.0 3316.0 2018.0 210.0 de génie. Ce qui explique son grand rôle c'est

88.0 3421.0 2340.0 214.0 sans doute la position qu'il occupe. Il a <.....> réussi

92.0 3555.0 2026.0 193.0 là où Alaric et Wallia ont échoué. Il tient

109.0 3677.0 2013.0 159.0 la province la plus prospère de l'Empire. Il

100.0 3803.0 2001.0 147.0 vit dans l'abondance. Il est casé et peut

92.0 3929.0 2013.0 155.0 dès lors se livrer à une fructueuse pira¬

88.0 4029.0 1980.0 181.0 terie du grand port qu'il domine. De là sa

88.0 4163.0 2047.0 143.0 situation vis à vis de l'Empire qu'il brave

88.0 4256.0 1988.0 167.0 et dont il n ambitionne pas les titre. Il se

92.0 4403.0 1439.0 129.0 sent redoutable et en profite.

130.0 4495.0 1988.0 159.0 Ce qui explique sans doute le calme relatif où il

117.0 4616.0 1988.0 147.0 a vecu avec l Empire pendant plusieurs années

109.0 4730.0 1984.0 163.0 après la trêve de 442, ce sont surement des Huns.

2223.0 1589.0 1678.0 243.0 de même le ravitaillement de l'armée, on a ici

2206.0 1698.0 1649.0 222.0 le point de départ du soulèvement d'Odoacre.

2147.0 2042.0 1766.0 205.0 Car Genséric s'installe aussi en Sardaigne,

2164.0 2172.0 1225.0 172.0 en Corse et dans les Baléares.

2298.0 2226.0 1666.0 206.0 Et dès lors ce qui est en péril aussi c'est le

2214.0 2314.0 1678.0 185.0 ravitaillement de l'armée. C est pour cela

2856.0 2411.0 676.0 151.0 qu Odoacre est élu.

2135.0 3920.0 1833.0 231.0 Et il menace autant l'Orient que l'Occident.
