4090 5080
3639.0 98.0 404.0 214.0 103

149.0 32.0 1972.0 166.0 rait pu sortir de là quelque chose. En tous

149.0 142.0 1972.0 135.0 cas c'était une littérature vivante. C'est

152.0 233.0 1989.0 146.0 la dernière forme sous laquelle le latin ait

138.0 338.0 2077.0 124.0 encore été écrit comme langue parlée, com¬

138.0 422.0 2021.0 161.0 me langue des laïques. Car c'est pour les laï¬

125.0 513.0 2025.0 126.0 ques qu'écrivent tous ces clercs qui aban¬

145.0 586.0 2084.0 137.0 donnent l'antique pour sa faire comprendre

126.0 679.0 2075.0 158.0 de lui. Le temps va venir où ils reviendront

135.0 778.0 1984.0 150.0 à l'antique. Mais alors le latin sera de¬

127.0 867.0 2035.0 173.0 venu une langue savante qu'ils n'écriront

124.0 993.0 1051.0 138.0 plus que pour l'Eglise

135.0 1073.0 2031.0 146.0 Gregoire de TOURS dit en attendant "pereun¬

127.0 1185.0 1992.0 192.0 tibur in Gallia litteris" mais elles y péris¬

129.0 1284.0 1727.0 166.0 sent plus qu'en Espagne et en Afrique.

143.0 2048.0 1883.0 228.0 Il faut parler des Ev. av. de parler du

138.0 2187.0 2063.0 189.0 monachisme. Leur action est sociale : protec¬

109.0 2322.0 2098.0 225.0 tion surtout des pauvres et des faibles, patronage

122.0 2428.0 2042.0 191.0 sur les cités, Xenodachia etc. Elle ne demande

111.0 2533.0 2022.0 227.0 au roi que sa protection et qu'il le laisse s'en¬

108.0 2653.0 1921.0 198.0 richir pr pouvoir accomplir sa mission.

110.0 2740.0 1933.0 240.0 Voy. comment Greg. de Tours conçoit le rôle du

115.0 2839.0 2075.0 217.0 roi. En fait, Son activité s'exerce contre l'Etat.

104.0 2971.0 1976.0 198.0 Fustel Transformat. p. 29 il suiv. montre très

110.0 3101.0 1925.0 182.0 bien qu elle s'efforce, à Son profit, des détruire

108.0 3211.0 1969.0 190.0 l'impôt et la jurid. royale (Imanente). Elle se

92.0 3310.0 2022.0 184.0 fait un Etat de l'Etat. Mais elle respecte le pou¬

105.0 3397.0 1999.0 224.0 voir royal qui la protège et les rois la ménagent

98.0 3517.0 1973.0 211.0 par superstition et à cause de son pouvoir

104.0 3652.0 847.0 183.0 sur les populations.

2295.0 1363.0 1667.0 199.0 Autre chose en Angleterre où le latin

2083.0 1484.0 1843.0 164.0 est importé comme longue savante

2063.0 1580.0 1961.0 191.0 pour l'Eglise mais où aucun effort n'est

2066.0 1676.0 1936.0 214.0 fait pour l'introduire dans le peuple

2074.0 1772.0 1999.0 223.0 qui reste purement germanique de langue.
