3960 5049
3367.0 23.0 477.0 367.0 128

74.0 20.0 1969.0 173.0 tégé par là l'Orient, ici ce sont les forces in¬

70.0 140.0 1992.0 143.0 tactes de l'Austrasie, les Vassaux des Carolingiens

58.0 253.0 1168.0 117.0 qui sauvent l'Occident.

67.0 325.0 1981.0 143.0 Mais l'Islam s'il s'arrête là et si en Orient la

56.0 427.0 1992.0 155.0 flotte byzantine parvient à l'écarter de la mer

70.0 504.0 1973.0 190.0 Egée, ici la mer tyrrhénienne tombera en son

70.0 634.0 384.0 112.0 pouvoir.

70.0 708.0 2012.0 184.0 Il y a des expeditions contre la Sicile en 720, 727,

51.0 834.0 2008.0 172.0 728, 730, 732, 752, 753 après quoi il y a une

59.0 950.0 2057.0 135.0 accalmie à cause des troubles civils en Afri¬

55.0 1060.0 2072.0 162.0 que (Hartm. III 170-171) Mais ça reprend sous

85.0 1141.0 1991.0 190.0 l'émir aghlabite Siadet Allah I qui profite d'une

55.0 1239.0 1954.0 160.0 revolte Contre l'Empereur. Une flotte part de

51.0 1332.0 1950.0 185.0 Souse en 827. Mais les Byzantins poussent

55.0 1429.0 2097.0 203.0 energiquement la guerre. une flotte byzantine

58.0 1533.0 2016.0 172.0 fait lever le siege de Syracuse. Mais les Mu¬

60.0 1652.0 1957.0 159.0 sulmans recoivent des renforts d Espagne,

72.0 1749.0 2038.0 178.0 puis d'Afrique. En Aout-sept. 831 ils s empa¬

68.0 1848.0 2087.0 168.0 rent de Palerme après un siege d'un an acqué¬

62.0 1938.0 1992.0 151.0 rant ainsi une bâse definitive en Sicile.

59.0 2033.0 2040.0 169.0 Cependant la resistance des Byzantins continue

51.0 2141.0 1978.0 164.0 energique sur mer et sur terre. En 843, les

48.0 2211.0 2076.0 178.0 Musulmans, aidés par les Napolitains, s'em¬

72.0 2343.0 1971.0 158.0 ¬parent de Messines. En 859, Enna, le siège de

63.0 2420.0 2033.0 182.0 la resistance byzantine est emporté. En 877

46.0 2523.0 1904.0 186.0 siege de Syracuse. La ville prise le 21 Mai

70.0 2635.0 1341.0 170.0 878 après un siège héroïque.

56.0 2786.0 2088.0 236.0 X Ajouter p.127. Il y a eu encore pas mal de X

70.0 2928.0 1945.0 171.0 dévastations en Provence. En 799 les Sar¬

78.0 3043.0 1917.0 165.0 rasins pillent les côtes d Aquitaine s. d. du

78.0 3147.0 1903.0 171.0 côté de l'Atlantique (Translat. S. Filiberti

37.0 3251.0 1938.0 182.0 Mgh XV. 303 cf Vogel p. 51 n.4) Même déjà

53.0 3326.0 1990.0 209.0 en 768 les Maures inquiètent les environs de

55.0 3446.0 2080.0 175.0 Marseille et le roi envoye contre eux (Fredeg.191)

67.0 3556.0 1905.0 183.0 En 778 ils menacent l Italie Jaffé-2424.

56.0 3657.0 2069.0 217.0 En 793 ils attaquent la Septimanie et y mes¬

51.0 3777.0 1930.0 175.0 surent les limitis CUstodes atque comitis

74.0 3859.0 1935.0 230.0 (Mgh I. 179) En 848 prise de Marseille.

64.0 3980.0 2052.0 248.0 847- 850 ravage de la Provence. 889 Eta¬

67.0 4097.0 2105.0 211.0 blissement à S. Tropez et à La Garde Freynet.

102.0 4269.0 1893.0 167.0 Du côté de l'Atlantique, il y a des Sarrasins

35.0 4384.0 1999.0 183.0 Venus d'Espagne au VIIIe s. dans l'île de Noir¬

44.0 4493.0 1743.0 170.0 moutiers (Poupardin, S. Philibert, p. 66)

145.0 4651.0 1979.0 165.0 Si grand qu'il soit, Charles n'a rien pu faire

74.0 4765.0 1924.0 158.0 contre eux de bien sérieux en Espagne. Il s'est

2098.0 3119.0 943.0 177.0 813 Pillage de Nice

2680.0 3189.0 749.0 146.0 de civita Vecchia

2194.0 3329.0 1140.0 213.0 838 Pillage de Marseille
