4090 5056
3651.0 147.0 186.0 270.0 19

92.0 58.0 2092.0 152.0 est évident, c'est que les Germains là dedans

96.0 185.0 1590.0 114.0 disparaissaient dans la masse.

96.0 265.0 2029.0 185.0 D après Dahn Könige VI.50 les Wisigoths ad¬

92.0 391.0 1982.0 144.0 mis dans l Empire par Valens auraient

88.0 463.0 2104.0 169.0 compté un million d habitants, d après Europe.

88.0 560.0 1978.0 189.0 En se fondant sur les chiffres donnés pour la

92.0 636.0 2142.0 189.0 bataille d'Andrinople, L. Schmidt admet 8000

96.0 728.0 2121.0 215.0 guerriers et en tout 40000 âmes. (Grde Note).

96.0 838.0 1974.0 194.0 Il est vrai qu ils ont dû se grossir après et d Ger¬

96.0 931.0 2029.0 185.0 mains et d esclaves, mercenaires etc. Schmidt

105.0 1036.0 1990.0 228.0 (Viertelj. 1904 p. 71) admet que quand Wallia

92.0 1167.0 1940.0 160.0 est entré en Espagne, ils étaient 100 000.

130.0 1280.0 1936.0 211.0 Gautier, d'apres Schmidt, (p.97 Genséric) dits

101.0 1386.0 2040.0 215.0 que les tribus réunies des Vandales et des A¬

92.0 1516.0 2041.0 173.0 lains, hommes, femmes, vieillards, enfants, es¬

92.0 1605.0 2012.0 206.0 claves lorsqu'elles franchirent le détroit de

92.0 1723.0 1995.0 210.0 Gibraltar etaient au nombre de 80000. Le

92.0 1828.0 1995.0 202.0 chiffre est donné par Victor de Vita : quanti¬

92.0 1946.0 1995.0 181.0 tas universa. Gautier p.138 le croit exact

88.0 2026.0 2066.0 219.0 parce qu'il a été facile d'évaluer la capacité

84.0 2212.0 548.0 117.0 de la flotte.

88.0 2275.0 2058.0 194.0 Or d'après Gautier, p.141 qui admet assez vrai¬

80.0 2393.0 2036.0 177.0 semblablament que l'Afrique Romaine a pu

84.0 2498.0 2024.0 181.0 avoir la population de celle d aujourd hui, elle

84.0 2595.0 2045.0 190.0 aurait eu 7 à 8 millions d'habitants, c a d.

80.0 2692.0 1998.0 215.0 cent fois plus. Il y aurait donc eu 1% de

84.0 2873.0 476.0 118.0 Vandales.

84.0 2928.0 1994.0 210.0 Il est difficile d'admettre que les Wisigoths

84.0 3042.0 2020.0 198.0 aient été beaucoup pl nombreux dans leur

80.0 3138.0 2049.0 215.0 royaume de la Loire à Gibraltar ils étaient

80.0 3341.0 392.0 101.0 100 000.

92.0 3383.0 2012.0 198.0 Pour les Burgondes, Schmidt, Stämme p.168

92.0 3509.0 2024.0 186.0 estime leur chiffre à 25000 âmes dont 5000

92.0 3699.0 494.0 114.0 guerriers.

92.0 3741.0 2109.0 215.0 an Ve s. d'après Doren, Italien, p. 29 on en estime

88.0 3880.0 1994.0 185.0 la population à 5 ou 6 millions mais sans en

84.0 3985.0 1982.0 207.0 rien savoir. Quant au nombre des Ostrogoths

84.0 4103.0 1998.0 194.0 Schmidt, Stämme p.293 l'évalue à 100000

96.0 4255.0 1421.0 147.0 âmes dont 20000 guerriers.

88.0 4352.0 1999.0 181.0 Tout cela est fantasmagorique. On sera s.d.

88.0 4487.0 2020.0 147.0 en dessus de la vérité si, pour les provinces occi¬

84.0 4592.0 1969.0 143.0 dentales en dehors du limes on estime l'apport

96.0 4731.0 899.0 143.0 germanique à 5%.

2120.0 1820.0 1818.0 215.0 E. Stein, Spät. Röm. Reich I. 477 admet aussi

2610.0 1963.0 438.0 118.0 ce chiffre.

2268.0 2418.0 1712.0 261.0 D'abord établis en Germanie (Grégoire), en

2251.0 2494.0 1729.0 295.0 407. Leur roi Gundahar ayant voulu s'é¬

2243.0 2608.0 1690.0 265.0 tendre en Belgique écrasé en 435-436 par

2247.0 2688.0 1754.0 265.0 Aetius (Nibelungen) En 443 Aetius trans¬

2251.0 2768.0 1552.0 269.0 porte ce qui en reste en Sapaudia (Lot,

2268.0 2945.0 679.0 156.0 Glotz p.58-59).

2235.0 2987.0 1676.0 305.0 Voy. Coville, p.153 et suiv pr le <.... .. ....>

2213.0 3105.0 1670.0 278.0 qui aboutissent à 263 000 têtes par des

2226.0 3265.0 1079.0 198.0 combinaisons arbitraires.

2281.0 3636.0 1610.0 185.0 Quant aux soldats barbares (surtout Hérules)

2163.0 3745.0 1720.0 190.0 d'Odoacre, Schmidt, Stämme p 327 les estime

2171.0 3897.0 350.0 109.0 à 6000.

2209.0 3952.0 1758.0 236.0 Pour Hartmann I 72, suivant Dahn, Theodoric

2116.0 4078.0 1750.0 232.0 muss Hunderttausende mit sich geführt

2125.0 4276.0 261.0 126.0 haben
