3960 5049
3301.0 42.0 542.0 205.0 134

1907 264 147 127 2.

971 385 1726 170 La fermeture de la Méditerranée

1683 493 710 121 occidentale.

135.0 768.0 1868.0 223.0 On a vu que ce qui, tant qu'a duré la

92.0 883.0 1925.0 182.0 Méditerranée chrétienne, a entretenu le com¬

75.0 984.0 2001.0 180.0 merce en occident, c'est la navigation orientale,

69.0 1102.0 1954.0 183.0 celle surtout de Syrie et d'Egypte c'est à dire

78.0 1197.0 1909.0 180.0 des deux provinces précisément qui sont tombées

61.0 1301.0 1996.0 178.0 les premières sous la domination de l'Islam¬

79.0 1404.0 1997.0 161.0 Et ce serait une erreur évidente de croire que

84.0 1509.0 1917.0 152.0 cette domination y ait éteint l'activité écono¬

73.0 1607.0 1950.0 165.0 mique. S il y a eu de grands troubles, si l'on cons¬

54.0 1690.0 1938.0 190.0 tate une émigration considérable de Syriens

81.0 1792.0 1964.0 169.0 vers l'Occident, ne Croyons pas cependant que

85.0 1904.0 1960.0 165.0 l'armature économique se soit effondrée.

70.0 2005.0 1975.0 155.0 Damas est devenue le première capitale du cali¬

61.0 2106.0 1970.0 177.0 fat. Les épices n'ont pas cessé de venir, le papy¬

60.0 2212.0 1964.0 156.0 rus d'être fabriqué, les ports de fonctionner. On

57.0 2277.0 2002.0 201.0 sait que les chrétiens du moment qu'ils payaient

45.0 2395.0 2021.0 149.0 l'impôt n'étaient pas molestés. Le commerce

73.0 2456.0 2023.0 183.0 a donc continué mais la direction en a changé

52.0 2583.0 742.0 150.0 et devait le faire.

59.0 2650.0 1953.0 195.0 Il va de soi qu'un pleine guerre le vainqueur

68.0 2762.0 1890.0 166.0 ne va pas laisser ses sujets trafiquer avec le

63.0 2852.0 1949.0 172.0 vaincu. C'est à son profit qu'il tournera leur

72.0 2964.0 1474.0 196.0 activité quand elle se ranimera.

60.0 3054.0 2014.0 194.0 Et il leur fournit toutes sortes de possibilités nou¬

64.0 3171.0 1712.0 155.0 velles par l immensité de ses conquêtes.

74.0 3256.0 2000.0 171.0 Ce serait ici le moment de parler du commerce

58.0 3362.0 1999.0 175.0 Caspienne - Baltique par la Volga et les Scan¬

54.0 3469.0 1938.0 193.0 dinaves qui déja au bord de la mer noire

44.0 3570.0 2094.0 173.0 ont dû prendre tout de suite le chemin nouveau

28.0 3674.0 1866.0 171.0 dont témoignent les monnaies de Gotland.

95.0 3759.0 1967.0 182.0 Il est certain d'ailleurs que les troubles insé¬

75.0 3862.0 2027.0 174.0 parables de la conquête de la Syrie (634-636)

78.0 3960.0 2004.0 205.0 puis de l'Egypte (640-642) ont momentané¬

57.0 4039.0 2059.0 199.0 ment détruit la navigation. Les bateaux n'ont

75.0 4156.0 1965.0 182.0 pas pu ne pas être réquisitionnés pour la

72.0 4252.0 2058.0 214.0 flotte que l'Islam organise tout de suite dans

65.0 4367.0 2056.0 201.0 la mer égée. On ne voit pas bien les marchands

30.0 4479.0 2038.0 170.0 passant au milieu des flottes hostiles. Beau¬

36.0 4588.0 2021.0 156.0 coup d'entre eux auront sans doute même

45.0 4692.0 1984.0 198.0 profité des circonstances pour faire de la

42.0 4792.0 2020.0 156.0 piraterie. Il doit donc être admis comme un

2205 819 1628 185 cident (il n en est pas de m. pr. l'Orient) voy.

2186 906 1618 199 au XIe s. le chrétien arabe Yahia-ibn-Said,

2306 706 1600 196 Pour la fermeture de l'Islam à l'Oc¬

2180 1037 1622 174 d'Antioche ecrivant que depuis le pape

2169 1127 1703 223 Agathon (678-681) il ne possède pas avec cer¬

2155 1242 1563 160 titude la liste des "patriarches de Rome".

2169 1332 1723 212 Voy. Bedier Rev hist CLVII c. 1928 p.5 de son

2138 1500 581 135 tirage à part.

2208 3729 1659 161 Ce n'est pas par hasard que la série

2132 3848 1710 169 des monnaies pseudo impériales en Gaule

2134 3939 1643 185 s arrête à Héraclius (610-641) Cf. Prou

2172 4078 1462 160 p.XXVII - XXVIII et pl haut p.85.
