4090 5080
3642.0 60.0 308.0 167.0 100

121.0 28.0 1990.0 153.0 On doit admettre que les troubles qu'ils pro¬

118.0 124.0 2024.0 135.0 voquèrent contribuèrent à augmenter la

110.0 214.0 2077.0 153.0 fuite hors d'un monde qui devenait intena¬

121.0 329.0 185.0 111.0 ble.

127.0 406.0 1987.0 166.0 On a vu Cassiodore fonder Vivarium sur ses

124.0 519.0 265.0 127.0 terres.

127.0 603.0 1953.0 176.0 S. Benoît 480 - 543 fonde le Mont Cassin

121.0 705.0 1979.0 173.0 et lui donne la fameuse règle que Grégoire le

115.0 846.0 785.0 113.0 Grand répandra.

156.0 931.0 1853.0 147.0 Le mouvement se répand du Sud au Nord.

113.0 1042.0 1972.0 157.0 Radegonde va chercher à < Poitiers > Arles la règle

112.0 1151.0 2027.0 167.0 de s. Césaire qu'elle introduit dans son monas¬

129.0 1250.0 692.0 141.0 tère de Poitiers.

111.0 1334.0 2031.0 158.0 S Césaire est représentatif. Sa Vita (SS Merov

124.0 1428.0 2083.0 184.0 III 457 199) nous le représente comme appartenant

115.0 1549.0 2052.0 177.0 à une grande famille de Chalon sur Saone. A 20 ans

110.0 1642.0 2074.0 179.0 va chercher, en 490 un asîle à Lérins. Et toute

117.0 1749.0 2036.0 144.0 sa vie trahit le chrétien enthousiaste qu'il est.

118.0 1848.0 2072.0 168.0 Il fut évêque d'Arles de 502 à 543, que Auso¬

123.0 1952.0 1968.0 194.0 ne appelle "la Rome gauloise". Le roi des Wisig.

121.0 2048.0 2027.0 166.0 Alaric II le bannit à Bordeaux, plus tard il est

105.0 2147.0 1947.0 158.0 en rapports avec Theodoric. Il s'oriente vers la

116.0 2226.0 2042.0 207.0 papauté en qui il voit au milieu des changemts

123.0 2345.0 1968.0 169.0 de domination auxquels il a assisté (Wisig. Os¬

122.0 2444.0 1975.0 159.0 trog. Francs) le symbole de l'Empire disparu. Il

116.0 2550.0 2088.0 163.0 envisage la vie religieuse avec l'idéal du moine :

121.0 2638.0 1970.0 161.0 charité, prédication, chant des hymnes, écoles. Il

127.0 2723.0 2097.0 175.0 tient de nombreux synodes pour réformer l'Eglise

129.0 2810.0 1972.0 170.0 Par lui la méditerranéenne Arles devient la

138.0 2912.0 1888.0 176.0 clef de voûte de l Eglise franque. A peu près

143.0 3008.0 1965.0 158.0 tout le droit canonique de la France Méro¬

142.0 3091.0 1949.0 171.0 vingienne sort d'Arles au VIe siecle, dit Du¬

134.0 3201.0 2008.0 167.0 chesne, Fastes 2e ed. I, p.145. Les collections con¬

136.0 3275.0 1986.0 185.0 ciliaires d'Arles sont le modèle de toutes les

131.0 3395.0 2028.0 183.0 suivantes (Ibid. p. 141). En 513 le pape Symmache

134.0 3493.0 2019.0 158.0 lui donne le droit de porter le pallium qui fait

123.0 3581.0 1426.0 191.0 de lui son représentant en Gaule

116.0 3685.0 1986.0 165.0 Déjà en 500 il avait pris la direction d'un mo¬

121.0 3790.0 1987.0 147.0 nastère dissolu dans une île du Rhône près

142.0 3874.0 1627.0 167.0 d'Arles et lui avait donné une règle.

126.0 3953.0 2005.0 204.0 En 512, il fonde à Arles un monastère de filles

129.0 4078.0 1985.0 179.0 qui en 534 a déjà 200 nonnes. Il lui donne une

116.0 4180.0 2110.0 190.0 règle évitant les excès : lecture, travail de couture,

139.0 4275.0 1963.0 215.0 chant des hymnes, copies calligraphiques. Et il

140.0 4374.0 1954.0 178.0 place son monastère sous la protection de

147.0 4453.0 281.0 168.0 Rome.

148.0 4565.0 1957.0 196.0 Pour ses sermons, simples et populaires, dont

143.0 4658.0 1959.0 199.0 il envoyait partout les manuscrits et qui eu¬

136.0 4758.0 1986.0 214.0 rent une influence énorme en France, Gaule,

115.0 4827.0 1391.0 230.0 Espagne et Italie (Migne t.67)

2289.0 1241.0 1606.0 195.0 V. Schubert. Gesch. des Christlichen

2334.0 1333.0 1569.0 199.0 Kirche im früh mittelatter, 37, 45, 61,

2334.0 1532.0 130.0 147.0 69

2351.0 1890.0 1544.0 192.0 Beaucoup ont dû méditer le mot

2351.0 2006.0 1547.0 184.0 d S. Augustin (Enarratio in psalmos,

2300.0 2099.0 1600.0 195.0 C XXXVIII. 20 cité p Lot Ducange 1931,

2314.0 2205.0 1520.0 193.0 p.122) : "Meluis est repraehendant

2314.0 2274.0 1606.0 234.0 nos grammatici quam non intelle-

2334.0 2444.0 615.0 171.0 gant populi".

2148.0 3812.0 606.0 141.0 V Schubert 61.
