3978 5058
3311.0 4.0 515.0 248.0 171

33.0 21.0 2009.0 173.0 Mais le refus de ses adversaires le force

24.0 112.0 2582.0 182.0 à combattre. Il les bat à Vincy près Cambrai

26.0 236.0 2048.0 196.0 le 21 mars 717. Puis après avoir dévasté les en¬

27.0 328.0 1989.0 179.0 virons de Paris il remonte en Austrasie et

21.0 426.0 1993.0 191.0 se donne pour roi Clotaire IV apparenté aux

21.0 516.0 2127.0 194.0 Mérov. mais dont on ne sait rien (Richter, 185)

37.0 649.0 2093.0 170.0 En retournant chez lui, il a déposé l'archevêque

35.0 783.0 1992.0 152.0 de Reims Rigobert qui ne l'avait par soutenu

15.0 867.0 1999.0 152.0 et a donné son archevêché à Milon évêque de

29.0 954.0 2060.0 176.0 Trèves "sola tonsura clericus" accumulant

26.0 1077.0 2095.0 178.0 Ainsi dans la même main deux diocèses

40.0 1184.0 2106.0 187.0 au mépris du droit canon. On voit que l E¬

29.0 1307.0 2121.0 164.0 glise n'est pour lui qu'un moyen de se cons¬

36.0 1403.0 2080.0 169.0 tituer des partisans (Richter, 185). Il a là un

46.0 1513.0 2072.0 185.0 capital magnifique dont il peut disposer

46.0 1631.0 2099.0 178.0 On peut voir d'ailleurs par s. Pierre de Gand

44.0 1735.0 2028.0 182.0 ce qui se passa alors. Les ennemis de l'abbé

55.0 1831.0 2086.0 203.0 Celestin vont chez le princeps Carolus l'accu¬

52.0 1947.0 2095.0 181.0 sant d'avoir écrit à Raginfred. D'où "pri¬

69.0 2075.0 1955.0 168.0 vavit eum a coenobiali monachorum

57.0 2176.0 2052.0 167.0 Catema ac de eadem qua morabatur ex¬

66.0 2285.0 2034.0 161.0 pulit provincia. Villas quoque que subjace¬

63.0 2398.0 2059.0 155.0 bant dominio monasterii Blandinien¬

42.0 2486.0 2051.0 164.0 sis suos divisit per vasallos absque reve¬

51.0 2589.0 2053.0 166.0 rentia Dei" et il en fut ainsi dit l annaliste

59.0 2695.0 1928.0 185.0 jusqu'au temps de Louis le Pieux (Fayen, p.5).

66.0 2805.0 1967.0 178.0 Ainsi donc c'est la curée de l'Eglise y compris

64.0 2925.0 1949.0 167.0 les monastères et la récompense des vassaux

72.0 3028.0 2130.0 198.0 fidèles. Il est certain que c'est avec leur clientèle

67.0 3152.0 1547.0 176.0 privée que Charles fait sa fortune.

62.0 3246.0 2016.0 185.0 Charles punit alors les Saxons en ravageant

76.0 3363.0 1619.0 198.0 leur territoire jusqu'au Weser, 718.

65.0 3467.0 2037.0 211.0 En 719 Chilpéric et Raginfrid abandonnant leurs

48.0 3604.0 2055.0 148.0 alliés au Nord s entendent avec Eudes qui s'est

69.0 3709.0 2081.0 181.0 crée un duché en Aquitaine et vient les joindre

66.0 3821.0 2025.0 164.0 à Paris pr. marcher contre Charles. C'est donc

92.0 3910.0 2109.0 178.0 bien maintenant une coalition romane contre

63.0 4004.0 2010.0 207.0 lui. Du reste les confédérés n'osent affronter le

81.0 4129.0 1988.0 188.0 choc de Charles qui s avance contre eux. Eudes

84.0 4240.0 2058.0 192.0 conduit Chilperic cum thesauris en Aquitaine

86.0 4324.0 1996.0 205.0 Mais Clotaire III meurt. Charles fait la paix av.

93.0 4439.0 1987.0 207.0 Eudes et reconnait Chilpéric II comme roi de

96.0 4561.0 1933.0 189.0 toute la monarchie (Richter, 186). Eudes a

82.0 4649.0 2004.0 213.0 d'ailleurs rendu Chilpéric (Chilpericum regem

92.0 4772.0 2004.0 201.0 cum multis muneribus reddidit). Mais il

2208.0 830.0 1749.0 244.0 Add d autres exemples Fustel, Trans¬

2696.0 976.0 1171.0 207.0 ¬format, p.189 - Fustel

2544.0 1091.0 1373.0 177.0 ne veut pas croire contre l'e¬

2517.0 1198.0 1448.0 183.0 vidence à une réaction germa¬

2533.0 1288.0 1382.0 210.0 nique. Il est vrai qu'elle est

2553.0 1444.0 721.0 149.0 Inconsciente

2155.0 2524.0 1770.0 268.0 Charles fait m. mettre a mort des ecclés.

2161.0 2669.0 1758.0 201.0 sans se soucier de synode c. p. ex en 739

2831.0 2784.0 358.0 72.0 S. Vaast d'

2163.0 2774.0 1781.0 201.0 l abbé Wido de Arras c. chef d'une cons¬

2310.0 2891.0 1096.0 173.0 piration (Ricther, p. 199).

2191.0 3304.0 1745.0 218.0 Pendant que L'Austrasie, la partie la pl

2155.0 3449.0 1814.0 202.0 germanique de la monarchie se détache, l'A¬

2142.0 3546.0 1713.0 229.0 quitaine, la partie la plus romaine en

2193.0 3699.0 629.0 142.0 fait autant.
