<?xml version='1.0' encoding='UTF-8'?>
<alto xmlns="http://www.loc.gov/standards/alto/ns-v4#" xmlns:xsi="http://www.w3.org/2001/XMLSchema-instance" xsi:schemaLocation="http://www.loc.gov/standards/alto/ns-v4# http://www.loc.gov/standards/alto/v4/alto-4-2.xsd">
  <Description>
    <MeasurementUnit>pixel</MeasurementUnit>
    <sourceImageInformation>
      <fileName>Image00140.tif</fileName>
    </sourceImageInformation>
  </Description>
  <Tags>
    <OtherTag ID="BT1" LABEL="Title" DESCRIPTION="block type Title" /><OtherTag ID="BT2" LABEL="Main" DESCRIPTION="block type Main" /><OtherTag ID="BT3" LABEL="Commentary" DESCRIPTION="block type Commentary" /><OtherTag ID="BT4" LABEL="Illustration" DESCRIPTION="block type Illustration" /><OtherTag ID="BT138" LABEL="TitlePageZone" DESCRIPTION="block type TitlePageZone" /><OtherTag ID="BT139" LABEL="MainZone" DESCRIPTION="block type MainZone" /><OtherTag ID="BT140" LABEL="MarginTextZone" DESCRIPTION="block type MarginTextZone" /><OtherTag ID="BT141" LABEL="NumberingZone" DESCRIPTION="block type NumberingZone" /><OtherTag ID="BT142" LABEL="CustomZone:Numbering" DESCRIPTION="block type CustomZone:Numbering" />
    <OtherTag ID="LT80" LABEL="DefaultLine" DESCRIPTION="line type DefaultLine" /><OtherTag ID="LT81" LABEL="InterlinearLine:correction" DESCRIPTION="line type InterlinearLine:correction" /><OtherTag ID="LT82" LABEL="InterlinearLine:addition" DESCRIPTION="line type InterlinearLine:addition" /><OtherTag ID="LT83" LABEL="HeadingLine" DESCRIPTION="line type HeadingLine" />
  </Tags>
  <Layout>
    <Page WIDTH="3960" HEIGHT="5049" PHYSICAL_IMG_NR="138" ID="eSc_dummypage_">
      <PrintSpace HPOS="0" VPOS="0" WIDTH="3960" HEIGHT="5049">
        <TextBlock HPOS="3404.0" VPOS="101.0" WIDTH="395.0" HEIGHT="221.0" ID="eSc_textblock_074889fb" TAGREFS="BT141">
          <Shape><Polygon POINTS="3799 137 3780 288 3690 322 3404 292 3435 168 3486 101" /></Shape>
          <TextLine ID="eSc_line_109842c2" TAGREFS="LT80" BASELINE="3441 206 3779 239" HPOS="3404.0" VPOS="111.0" WIDTH="404.0" HEIGHT="200.0">
            <Shape><Polygon POINTS="3696 134 3668 126 3640 126 3628 123 3489 111 3404 258 3536 294 3584 294 3634 288 3696 308 3766 311 3780 255 3808 148 3724 137" /></Shape>
	    <String CONTENT="136" HPOS="3404.0" VPOS="111.0" WIDTH="404.0" HEIGHT="200.0" />
          </TextLine>
        </TextBlock>
        <TextBlock HPOS="33.0" VPOS="22.0" WIDTH="2119.0" HEIGHT="4867.0" ID="eSc_textblock_e5ab2ae0" TAGREFS="BT139">
          <Shape><Polygon POINTS="325 67 1849 78 1950 89 2051 179 2040 1231 2118 1368 2074 1624 2141 1840 2152 2061 2096 2580 2141 2914 2085 3096 2118 4507 2017 4855 617 4889 112 4877 67 4844 33 4114 56 1997 89 224 126 22" /></Shape>
          <TextLine ID="eSc_line_3d4cf90b" TAGREFS="LT80" BASELINE="121 75 256 126 415 157 516 156 610 169 1947 145" HPOS="108.0" VPOS="19.0" WIDTH="1839.0" HEIGHT="197.0">
            <Shape><Polygon POINTS="1897 84 1877 78 1835 106 1793 78 1790 78 1787 78 1703 78 1700 78 1697 78 1695 78 1650 106 1580 78 1577 78 1574 78 1571 78 1523 98 1495 78 1493 78 1490 78 1487 78 1408 84 1406 84 1358 109 1153 109 1083 81 1080 81 1077 81 1074 81 1021 106 886 78 884 78 881 78 878 78 839 109 580 109 550 81 550 78 547 78 544 78 482 78 479 78 477 78 474 78 474 81 451 103 415 84 412 84 409 84 406 84 404 84 367 106 325 86 322 86 149 19 108 36 128 116 174 139 284 150 449 197 513 193 516 193 555 187 614 193 704 189 785 183 887 193 1123 188 1163 214 1194 181 1237 177 1283 199 1560 188 1623 173 1718 184 1884 175 1882 211 1894 216 1905 211 1944 162 1947 145 1942 86 1925 86" /></Shape>
	    <String CONTENT="Comment aurait-elle pu résister ? Il n'y" HPOS="108.0" VPOS="19.0" WIDTH="1839.0" HEIGHT="197.0" />
          </TextLine>
          <TextLine ID="eSc_line_f211f974" TAGREFS="LT80" BASELINE="122 171 215 210 331 239 513 254 796 245 1255 250 2026 232" HPOS="108.0" VPOS="151.0" WIDTH="1922.0" HEIGHT="152.0">
            <Shape><Polygon POINTS="234 243 317 277 317 280 319 280 322 280 325 280 328 280 353 269 381 286 384 286 387 286 390 286 457 272 499 286 629 301 669 278 763 283 847 272 872 268 904 262 975 291 1010 303 1040 289 1160 269 1195 283 1198 283 1201 283 1203 286 1495 286 1495 283 1498 283 1501 283 1529 260 1585 272 1588 272 1653 258 1679 263 1695 258 1717 274 1720 274 1723 274 1726 274 1810 258 1852 252 2030 257 2026 232 2023 187 1992 168 1989 168 1987 168 1952 188 1912 208 1894 221 1882 214 1872 215 1864 205 1862 182 1850 182 1838 184 1818 195 1812 199 1802 204 1792 208 1772 210 1769 204 1750 196 1736 190 1726 201 1712 202 1693 204 1675 200 1653 195 1644 185 1634 182 1629 182 1613 189 1595 195 1582 193 1566 193 1541 200 1531 205 1521 210 1520 209 1506 213 1489 212 1462 217 1434 209 1309 213 1273 204 1261 196 1242 185 1223 181 1199 185 1189 214 1178 235 1149 226 1127 216 1121 203 1109 202 1088 212 1077 211 1069 217 1063 219 1046 223 1037 225 1029 218 1015 216 1000 204 980 195 962 199 947 206 933 210 919 214 892 222 867 215 834 201 826 197 803 193 789 189 774 186 752 206 735 201 717 201 705 196 687 199 654 208 625 200 567 208 519 208 423 201 317 173 314 173 273 159 130 151 108 195 116 221" /></Shape>
	    <String CONTENT="avait pas de flotte chez les Francs. Celle des Wisi¬" HPOS="108.0" VPOS="151.0" WIDTH="1922.0" HEIGHT="152.0" />
          </TextLine>
          <TextLine ID="eSc_line_4d521b1f" TAGREFS="LT80" BASELINE="126 269 281 327 463 358 754 345 2003 311" HPOS="112.0" VPOS="233.0" WIDTH="1891.0" HEIGHT="149.0">
            <Shape><Polygon POINTS="147 316 173 316 291 356 457 382 769 372 872 378 900 374 930 377 947 367 1001 375 1004 375 1007 375 1052 359 1131 373 1133 373 1456 361 1459 361 1498 350 1515 345 1532 347 1571 361 1574 361 1577 361 1580 361 1616 347 1624 345 1644 347 1709 356 1711 356 2003 339 2003 311 1998 274 1824 265 1821 266 1818 266 1782 274 1745 283 1703 278 1675 267 1594 282 1522 283 1509 291 1161 294 1128 280 1113 283 1078 301 1070 300 1031 308 1011 309 1016 296 1010 291 995 301 971 311 951 308 905 293 892 277 842 295 825 286 811 280 808 280 805 280 802 280 791 286 746 305 676 295 626 308 581 313 525 296 433 294 316 294 203 244 120 233 112 291 128 323" /></Shape>
	    <String CONTENT="goths est anéantie. Et l'ennemi est au con¬" HPOS="112.0" VPOS="233.0" WIDTH="1891.0" HEIGHT="149.0" />
          </TextLine>
          <TextLine ID="eSc_line_77c7af43" TAGREFS="LT80" BASELINE="129 355 207 395 326 432 387 434 581 443 1063 438 2045 408" HPOS="116.0" VPOS="317.0" WIDTH="1929.0" HEIGHT="173.0">
            <Shape><Polygon POINTS="367 461 412 463 548 472 590 490 746 476 749 476 815 468 934 474 937 474 1047 472 1081 478 1240 465 1260 451 1271 443 1285 451 1319 465 1321 465 1324 465 1327 465 1330 465 1333 462 1343 458 1360 456 1369 460 1369 462 1372 462 1375 462 1378 462 1507 448 1537 445 1566 448 1622 454 1624 454 1627 454 1650 448 1689 445 2040 443 2045 409 2040 375 1919 359 1916 359 1914 359 1883 375 1877 378 1636 378 1619 375 1593 377 1575 376 1560 385 1543 387 1534 385 1525 387 1522 382 1516 379 1498 375 1454 381 1408 375 1391 378 1365 387 1319 381 1299 375 1280 375 1259 384 1249 386 1245 391 1235 391 1226 387 1094 393 1055 375 1036 372 1021 388 1007 395 996 403 981 400 973 403 962 398 938 391 921 394 902 398 888 395 843 406 816 402 777 389 755 381 734 380 676 403 652 409 588 395 528 386 451 392 440 392 419 384 397 387 367 396 345 393 266 366 176 325 151 317 125 333 116 386 207 432" /></Shape>
	    <String CONTENT="traire bien préparé. Le port de Tunis a un arse¬" HPOS="116.0" VPOS="317.0" WIDTH="1929.0" HEIGHT="173.0" />
          </TextLine>
          <TextLine ID="eSc_line_d819b16f" TAGREFS="LT80" BASELINE="114 440 218 494 328 522 524 540 867 527 1981 502" HPOS="97.0" VPOS="417.0" WIDTH="1884.0" HEIGHT="170.0">
            <Shape><Polygon POINTS="120 487 319 558 435 558 468 572 471 572 474 572 507 564 538 569 541 569 544 569 567 556 659 587 694 563 752 555 779 542 804 548 866 559 1139 558 1142 558 1145 558 1214 545 1372 558 1375 558 1378 558 1380 558 1380 555 1394 544 1504 555 1507 555 1509 555 1588 535 1645 542 1666 533 1687 527 1703 527 1737 532 1885 541 1888 541 1981 518 1981 502 1972 465 1922 465 1919 465 1903 459 1894 459 1881 455 1867 456 1859 455 1839 454 1828 453 1815 465 1773 445 1770 445 1768 445 1742 464 1720 465 1703 471 1695 465 1676 459 1661 467 1646 470 1637 469 1625 468 1610 465 1588 474 1566 465 1549 461 1528 464 1512 466 1490 467 1487 465 1459 476 1422 465 1397 466 1351 473 1325 482 1314 490 1300 490 1286 486 1238 488 1196 480 1166 488 1126 495 1090 497 1056 498 1039 488 1029 480 1008 482 991 482 974 479 928 488 634 502 525 488 512 477 492 476 468 487 465 492 450 494 443 493 358 472 261 454 107 417 97 444" /></Shape>
	    <String CONTENT="nal et est imprenable. Sur toutes les côtes" HPOS="97.0" VPOS="417.0" WIDTH="1884.0" HEIGHT="170.0" />
          </TextLine>
          <TextLine ID="eSc_line_33171129" TAGREFS="LT80" BASELINE="116 536 220 596 436 633 611 622 2017 586" HPOS="98.0" VPOS="502.0" WIDTH="1919.0" HEIGHT="159.0">
            <Shape><Polygon POINTS="115 589 392 659 395 659 398 659 446 645 454 642 460 645 493 659 496 659 499 659 555 650 602 661 642 656 690 635 713 647 724 654 733 657 746 652 787 643 903 641 942 638 969 651 988 633 997 636 1003 652 1009 647 1021 635 1141 634 1195 645 1198 645 1243 631 1257 628 1265 631 1285 642 1288 642 1290 642 1422 642 1442 656 1445 656 1448 656 1450 656 1453 656 1456 656 1490 628 1493 625 1571 622 1580 625 1639 656 1641 656 1644 656 1647 656 1709 625 1726 625 1742 625 1782 647 1784 647 1787 647 1790 647 1793 647 1796 647 1824 622 1832 614 1863 622 1897 631 1900 631 1902 631 1905 631 1930 619 1939 617 1947 619 1975 639 1978 639 1981 639 1984 639 1987 639 1989 639 2017 622 2017 586 2009 538 1759 549 1691 531 1679 533 1672 546 1664 560 1636 561 1624 559 1601 545 1586 554 1572 561 1569 559 1569 557 1556 559 1529 561 1456 563 1402 567 1237 569 1216 557 1190 557 1160 565 1132 573 1116 575 1068 580 1013 575 988 577 982 578 969 573 956 565 943 566 913 576 901 577 884 577 821 580 792 552 781 543 775 550 760 576 741 580 723 574 707 571 685 581 662 595 655 600 647 601 638 599 625 601 608 590 597 587 582 585 576 579 567 576 550 572 535 579 523 581 514 583 500 585 485 586 423 561 420 561 418 561 415 561 333 586 280 558 277 558 275 558 122 502 98 539" /></Shape>
	    <String CONTENT="s elèvent des Ribats, postes mi-religieux mi" HPOS="98.0" VPOS="502.0" WIDTH="1919.0" HEIGHT="159.0" />
          </TextLine>
          <TextLine ID="eSc_line_de4fccad" TAGREFS="LT80" BASELINE="113 633 260 702 415 726 586 715 1964 673" HPOS="101.0" VPOS="600.0" WIDTH="1863.0" HEIGHT="182.0">
            <Shape><Polygon POINTS="314 746 538 782 627 731 685 731 723 738 752 743 752 746 754 746 757 746 760 746 763 746 858 718 864 718 870 718 951 746 998 755 1017 729 1031 723 1045 727 1061 732 1094 729 1192 728 1265 732 1268 732 1333 712 1404 721 1443 716 1507 722 1639 704 1685 711 1746 730 1768 729 1770 729 1773 729 1798 717 1813 707 1826 708 1841 712 1843 712 1846 712 1849 712 1964 695 1964 673 1955 626 1930 627 1911 636 1879 639 1856 653 1828 653 1717 655 1645 666 1590 654 1547 638 1514 639 1504 650 1473 662 1378 652 1352 649 1264 660 1210 659 1080 677 855 678 806 689 780 680 738 692 694 664 529 689 431 657 342 667 217 621 119 600 101 642 112 680" /></Shape>
	    <String CONTENT="militaires qui correspondent entré eux et" HPOS="101.0" VPOS="600.0" WIDTH="1863.0" HEIGHT="182.0" />
          </TextLine>
          <TextLine ID="eSc_line_60007249" TAGREFS="LT80" BASELINE="116 732 190 785 293 808 670 805 2040 751" HPOS="93.0" VPOS="705.0" WIDTH="1947.0" HEIGHT="139.0">
            <Shape><Polygon POINTS="2034 718 1824 732 1747 740 1715 727 1693 721 1666 716 1641 723 1635 724 1622 723 1619 726 1616 726 1600 728 1565 725 1540 726 1525 728 1504 726 1501 729 1498 726 1468 734 1442 721 1386 736 1358 725 1333 730 1298 741 1285 732 1254 743 1211 741 1179 734 1168 736 1149 745 1139 749 1119 754 1108 748 1084 751 1062 756 1035 747 1026 731 1012 739 1000 764 984 770 933 771 644 747 545 793 481 785 370 757 367 757 364 757 328 768 297 751 291 748 289 748 151 715 101 705 93 750 112 776 209 803 266 832 620 844 623 844 625 844 628 844 653 830 847 844 928 833 931 833 951 830 1069 810 1111 824 1114 824 1116 824 1119 824 1122 824 1128 824 1212 802 1319 813 1321 813 1324 813 1361 796 1422 810 1431 813 1434 813 1436 813 1462 810 1591 788 1684 803 1702 823 1718 833 1733 821 1754 796 1866 782 2037 785 2040 751 2037 740 2034 729" /></Shape>
	    <String CONTENT="sont une mise perpétuelle d'état de guerre." HPOS="93.0" VPOS="705.0" WIDTH="1947.0" HEIGHT="139.0" />
          </TextLine>
          <TextLine ID="eSc_line_5535bb7d" TAGREFS="LT80" BASELINE="101 822 218 886 336 892 460 910 679 892 2001 841" HPOS="88.0" VPOS="787.0" WIDTH="1913.0" HEIGHT="172.0">
            <Shape><Polygon POINTS="163 896 342 931 345 931 348 931 350 931 364 920 367 917 443 934 462 959 480 955 502 943 557 923 583 921 609 919 691 931 742 919 760 927 772 945 796 946 819 931 840 923 870 928 872 928 875 928 878 928 881 928 929 907 1005 918 1055 953 1101 917 1161 900 1181 891 1198 900 1232 914 1234 914 1237 914 1240 914 1243 914 1262 897 1265 894 1490 883 1529 891 1562 887 1600 908 1622 908 1686 886 1700 880 2001 877 2001 841 1995 810 1877 791 1874 791 1871 791 1821 813 1818 813 1813 813 1793 811 1777 806 1765 817 1744 827 1718 836 1699 833 1688 821 1664 802 1661 802 1658 802 1655 802 1616 816 1605 819 1596 816 1585 808 1563 800 1538 816 1518 817 1487 816 1456 827 1434 819 1403 805 1400 805 1397 805 1394 805 1392 805 1392 807 1378 819 1366 827 1330 819 1307 816 1305 816 1302 816 1244 832 1216 823 993 847 832 864 782 847 755 865 742 870 735 863 720 863 704 855 681 847 667 845 656 850 649 855 635 856 617 855 591 858 538 866 423 855 369 850 261 841 204 809 138 790 105 787 88 849" /></Shape>
	    <String CONTENT="On &lt;.&gt; a vu qu il n'y a eu qu'un seul pauvre" HPOS="88.0" VPOS="787.0" WIDTH="1913.0" HEIGHT="172.0" />
          </TextLine>
          <TextLine ID="eSc_line_f0d9a897" TAGREFS="LT80" BASELINE="104 924 272 983 489 998 886 984 2020 936" HPOS="89.0" VPOS="880.0" WIDTH="1931.0" HEIGHT="157.0">
            <Shape><Polygon POINTS="123 963 217 996 230 1023 295 1014 384 1024 417 1032 453 1037 562 1015 749 1021 813 1023 816 1023 1100 1015 1102 1015 1122 1004 1131 1001 1136 1004 1161 1015 1164 1015 1167 1015 1248 998 1296 990 1313 995 1341 1006 1344 1006 1347 1009 1448 1027 1476 1006 1554 1021 1591 1001 1633 981 1639 978 1678 978 1829 984 1832 984 1835 984 1838 984 1838 981 1841 981 1849 970 1849 967 2020 962 2020 936 2012 903 1975 906 1967 903 1928 880 1925 880 1922 880 1919 880 1869 903 1866 906 1866 903 1841 883 1838 883 1835 883 1832 883 1829 883 1759 906 1740 914 1609 930 1555 896 1507 920 1417 903 1414 903 1411 903 1408 903 1406 903 1378 911 1355 920 1333 914 1296 900 1293 900 1290 900 1288 900 1260 914 1232 928 1175 917 1125 921 1083 948 1056 953 1035 953 1025 950 962 920 934 911 931 911 928 911 926 911 923 911 912 920 886 942 844 951 783 960 773 950 755 941 741 938 731 941 727 940 719 942 695 951 656 948 481 956 459 967 425 942 378 934 376 934 373 934 323 941 162 905 130 888 111 885 89 964" /></Shape>
	    <String CONTENT="petit raid contre la côte d'Afrique de la" HPOS="89.0" VPOS="880.0" WIDTH="1931.0" HEIGHT="157.0" />
          </TextLine>
          <TextLine ID="eSc_line_785cd409" TAGREFS="LT80" BASELINE="111 1009 269 1072 423 1087 832 1087" HPOS="84.0" VPOS="969.0" WIDTH="757.0" HEIGHT="167.0">
            <Shape><Polygon POINTS="171 1069 265 1113 281 1132 301 1136 542 1118 828 1116 841 1082 841 1043 788 1023 785 1023 783 1023 780 1023 777 1023 777 1026 757 1040 711 1054 654 1031 623 1040 612 1036 593 1034 570 1026 558 1021 524 1037 445 1044 293 1022 236 1038 217 1008 183 999 123 969 84 1047" /></Shape>
	    <String CONTENT="part des chrétiens." HPOS="84.0" VPOS="969.0" WIDTH="757.0" HEIGHT="167.0" />
          </TextLine>
          <TextLine ID="eSc_line_fd000648" TAGREFS="LT80" BASELINE="153 1127 220 1173 462 1197 827 1186 1984 1141" HPOS="127.0" VPOS="1071.0" WIDTH="1857.0" HEIGHT="172.0">
            <Shape><Polygon POINTS="158 1171 189 1187 197 1220 403 1217 452 1225 488 1234 536 1225 569 1220 600 1222 676 1231 679 1231 681 1231 726 1217 740 1214 780 1214 902 1240 945 1222 948 1222 951 1222 973 1206 979 1206 1004 1206 1112 1243 1168 1209 1220 1214 1223 1214 1223 1211 1226 1211 1237 1197 1240 1194 1254 1194 1369 1208 1372 1208 1375 1208 1378 1208 1378 1206 1394 1189 1397 1186 1614 1184 1638 1188 1661 1183 1672 1184 1685 1182 1700 1184 1718 1182 1734 1175 1742 1172 1762 1175 1816 1184 1873 1194 1881 1198 1897 1189 1927 1178 1959 1168 1984 1164 1984 1141 1953 1111 1824 1082 1821 1082 1818 1082 1770 1102 1734 1085 1731 1085 1728 1085 1726 1085 1641 1116 1639 1116 1636 1116 1596 1091 1594 1091 1591 1091 1588 1091 1467 1093 1465 1093 1462 1093 1462 1096 1431 1122 1324 1105 1321 1105 1319 1105 1226 1130 1081 1127 867 1141 864 1141 835 1143 818 1144 807 1141 787 1134 753 1145 738 1142 720 1141 705 1141 687 1150 681 1147 642 1141 598 1135 568 1129 549 1126 534 1142 517 1163 500 1163 457 1152 432 1139 413 1141 351 1152 265 1146 253 1123 164 1071 127 1134" /></Shape>
	    <String CONTENT="Il faut insister puisque cependant d'ex¬" HPOS="127.0" VPOS="1071.0" WIDTH="1857.0" HEIGHT="172.0" />
          </TextLine>
          <TextLine ID="eSc_line_963bee41" TAGREFS="LT80" BASELINE="95 1208 307 1291 495 1299 644 1302 1964 1242" HPOS="81.0" VPOS="1167.0" WIDTH="1883.0" HEIGHT="169.0">
            <Shape><Polygon POINTS="239 1294 370 1336 631 1329 634 1329 660 1323 701 1326 704 1326 707 1326 813 1309 940 1318 942 1318 945 1318 948 1318 968 1304 1066 1315 1069 1315 1198 1314 1297 1295 1400 1310 1417 1304 1420 1304 1462 1290 1672 1290 1675 1290 1678 1290 1681 1290 1709 1273 1779 1287 1782 1287 1784 1287 1810 1277 1838 1287 1841 1287 1843 1287 1875 1266 1961 1262 1964 1242 1961 1208 1919 1199 1902 1199 1876 1212 1860 1215 1835 1208 1710 1194 1523 1220 1479 1214 1464 1223 1431 1233 1412 1220 1397 1224 1362 1234 1326 1239 1303 1231 1240 1228 1212 1220 1197 1217 1171 1222 1153 1233 1130 1248 1106 1256 1064 1258 1045 1256 1036 1240 1025 1237 1015 1241 996 1248 989 1243 972 1250 958 1252 942 1252 930 1257 670 1245 628 1233 460 1246 398 1224 213 1235 180 1205 161 1184 102 1167 81 1235 160 1289" /></Shape>
	    <String CONTENT="cellents érudits ne croient pas pouvoir ad¬" HPOS="81.0" VPOS="1167.0" WIDTH="1883.0" HEIGHT="169.0" />
          </TextLine>
          <TextLine ID="eSc_line_4b7bc459" TAGREFS="LT80" BASELINE="101 1321 260 1363 416 1394 934 1377 2017 1326" HPOS="91.0" VPOS="1279.0" WIDTH="1926.0" HEIGHT="183.0">
            <Shape><Polygon POINTS="241 1399 246 1399 294 1436 297 1436 300 1436 303 1438 362 1462 396 1442 451 1416 491 1416 527 1424 530 1424 533 1424 533 1422 558 1415 600 1427 636 1439 682 1413 1045 1403 1111 1410 1114 1410 1116 1410 1119 1410 1122 1410 1159 1385 1209 1394 1212 1394 1215 1394 1251 1380 1272 1374 1279 1380 1302 1385 1320 1388 1344 1386 1362 1391 1386 1384 1417 1385 1436 1377 1442 1374 1465 1374 1518 1380 1521 1380 1523 1380 1549 1374 1602 1360 1624 1371 1630 1374 1633 1374 1636 1374 1667 1371 1842 1352 1897 1366 1897 1368 1900 1368 1902 1368 1905 1368 1908 1368 1911 1368 1914 1366 1942 1361 2014 1360 2017 1326 2009 1290 1956 1293 1917 1299 1893 1294 1885 1287 1867 1283 1844 1299 1835 1296 1815 1293 1793 1301 1611 1306 1569 1305 1421 1328 1386 1333 1360 1324 1341 1323 1328 1316 1304 1324 1291 1331 1279 1332 1234 1316 1218 1326 1194 1331 1181 1333 1164 1318 1126 1330 1090 1321 1070 1323 1013 1321 988 1322 969 1324 958 1336 950 1340 929 1341 905 1343 873 1337 851 1340 825 1338 785 1340 765 1334 722 1336 699 1340 648 1337 616 1334 585 1340 410 1353 233 1312 179 1306 132 1285 106 1279 91 1332 142 1365" /></Shape>
	    <String CONTENT="mettre que la fin du VIIe et le commencemt du" HPOS="91.0" VPOS="1279.0" WIDTH="1926.0" HEIGHT="183.0" />
          </TextLine>
          <TextLine ID="eSc_line_5a7ad1a9" TAGREFS="LT80" BASELINE="96 1406 311 1490 502 1492 612 1474 773 1485 2088 1405" HPOS="77.0" VPOS="1363.0" WIDTH="2025.0" HEIGHT="162.0">
            <Shape><Polygon POINTS="211 1503 435 1525 437 1525 555 1511 590 1505 610 1500 797 1509 799 1509 802 1509 805 1509 843 1497 928 1503 931 1503 988 1490 1154 1502 1164 1492 1167 1492 1230 1486 1299 1486 1302 1486 1312 1494 1496 1467 1545 1459 1574 1469 1577 1469 1580 1469 1669 1472 1871 1450 1928 1436 1933 1436 1992 1452 2012 1452 2035 1436 2096 1421 2102 1374 2044 1366 1782 1388 1689 1374 1686 1374 1683 1374 1639 1391 1580 1374 1577 1374 1574 1374 1571 1374 1568 1374 1568 1377 1543 1399 1372 1394 1369 1394 1366 1394 1287 1403 1244 1408 1212 1391 1209 1391 1206 1391 1203 1391 1173 1419 681 1436 656 1434 644 1441 630 1449 615 1447 583 1448 547 1440 505 1443 480 1422 416 1465 363 1469 318 1460 246 1428 118 1363 92 1370 77 1436" /></Shape>
	    <String CONTENT="VIIIe s. aient vu s'accomplir une coupure aussi" HPOS="77.0" VPOS="1363.0" WIDTH="2025.0" HEIGHT="162.0" />
          </TextLine>
          <TextLine ID="eSc_line_79a81bda" TAGREFS="LT80" BASELINE="97 1512 179 1554 305 1582 446 1593 572 1587 2034 1497" HPOS="83.0" VPOS="1458.0" WIDTH="1951.0" HEIGHT="168.0">
            <Shape><Polygon POINTS="222 1606 353 1626 356 1626 359 1626 516 1612 561 1626 564 1626 566 1626 735 1606 761 1598 791 1589 827 1593 856 1601 955 1585 987 1590 990 1590 993 1590 996 1590 999 1590 999 1587 1001 1587 1010 1576 1077 1598 1155 1587 1164 1611 1177 1625 1223 1593 1307 1562 1363 1570 1439 1572 1464 1565 1495 1548 1594 1565 1596 1565 1599 1565 1602 1565 1602 1562 1605 1562 1613 1548 1936 1528 1978 1551 1981 1551 1984 1551 1987 1551 1989 1551 2034 1520 2034 1497 2028 1458 2003 1461 1962 1480 1846 1462 1823 1458 1804 1469 1793 1474 1777 1478 1766 1486 1754 1478 1699 1481 1654 1488 1640 1482 1450 1492 1430 1489 1418 1499 1403 1498 1390 1498 1379 1500 1349 1507 1201 1516 1127 1516 976 1501 881 1523 850 1530 818 1528 795 1516 777 1529 768 1534 755 1534 722 1537 639 1517 637 1517 634 1517 552 1542 440 1542 406 1536 384 1530 366 1530 345 1528 298 1534 205 1510 105 1479 83 1505 96 1548" /></Shape>
	    <String CONTENT="nette. Ils croient même que les marchands" HPOS="83.0" VPOS="1458.0" WIDTH="1951.0" HEIGHT="168.0" />
          </TextLine>
          <TextLine ID="eSc_line_f59dff88" TAGREFS="LT80" BASELINE="86 1599 174 1655 317 1687 500 1687 2009 1598" HPOS="72.0" VPOS="1532.0" WIDTH="1937.0" HEIGHT="193.0">
            <Shape><Polygon POINTS="116 1676 148 1674 287 1703 403 1716 457 1725 460 1725 463 1725 465 1725 468 1725 468 1722 505 1711 547 1722 576 1707 634 1708 861 1683 954 1702 987 1711 1016 1688 1036 1706 1063 1697 1063 1694 1083 1677 1135 1700 1160 1707 1179 1683 1293 1660 1438 1659 1493 1657 1495 1657 1498 1657 1498 1654 1501 1654 1534 1648 1580 1652 1582 1652 1698 1636 1740 1660 1742 1660 1745 1660 1783 1670 1802 1652 1827 1642 1877 1626 1944 1635 1947 1635 1950 1635 2009 1610 2009 1598 2009 1562 1961 1550 1929 1549 1899 1532 1890 1532 1873 1543 1869 1567 1852 1565 1801 1559 1798 1559 1796 1559 1793 1559 1793 1562 1773 1582 1678 1592 1634 1586 1617 1592 1584 1578 1571 1573 1561 1573 1549 1576 1530 1586 1517 1596 1482 1592 1473 1583 1430 1578 1396 1580 1371 1583 1362 1590 1351 1592 1305 1601 1185 1627 1158 1627 1149 1619 1145 1601 1123 1600 1100 1604 1072 1604 1032 1618 995 1610 951 1609 926 1605 905 1603 881 1626 831 1630 812 1623 796 1598 783 1594 771 1606 746 1615 721 1617 703 1623 672 1631 656 1640 617 1640 598 1640 563 1629 536 1640 513 1650 502 1638 460 1621 457 1621 454 1621 451 1621 449 1621 449 1624 429 1643 384 1643 367 1629 364 1629 362 1629 359 1629 331 1637 236 1620 155 1611 137 1583 110 1572 77 1578 72 1614" /></Shape>
	    <String CONTENT="Syriens ont continué de fréquenter comme jadis" HPOS="72.0" VPOS="1532.0" WIDTH="1937.0" HEIGHT="193.0" />
          </TextLine>
          <TextLine ID="eSc_line_d259e6db" TAGREFS="LT80" BASELINE="93 1702 278 1782 548 1783 2022 1691" HPOS="70.0" VPOS="1647.0" WIDTH="1959.0" HEIGHT="207.0">
            <Shape><Polygon POINTS="97 1747 254 1808 609 1814 621 1842 639 1854 659 1848 674 1842 776 1794 824 1794 855 1798 930 1787 1105 1783 1108 1783 1111 1783 1114 1783 1114 1781 1142 1768 1219 1760 1258 1767 1267 1764 1285 1763 1299 1767 1323 1758 1342 1750 1360 1751 1402 1750 1462 1772 1465 1772 1467 1772 1470 1772 1551 1740 1669 1734 1717 1734 1908 1725 1970 1747 1972 1747 1975 1747 1978 1747 1981 1747 2029 1711 2029 1691 2026 1660 1928 1657 1883 1647 1797 1668 1776 1686 1762 1686 1748 1676 1734 1671 1723 1668 1685 1658 1662 1650 1637 1661 1608 1667 1588 1671 1577 1677 1552 1674 1493 1663 1490 1663 1487 1663 1462 1674 1442 1685 1386 1677 1292 1671 1246 1691 1175 1693 1166 1715 1146 1716 1092 1715 1066 1720 1048 1721 1031 1718 1010 1701 996 1709 970 1725 946 1728 934 1716 907 1717 874 1710 864 1705 847 1718 828 1722 809 1714 799 1717 786 1718 757 1719 741 1722 738 1718 723 1716 716 1717 702 1720 687 1722 679 1726 676 1724 652 1740 642 1744 634 1743 615 1729 606 1722 593 1722 578 1718 559 1731 548 1736 534 1735 519 1729 496 1724 477 1730 456 1739 416 1743 385 1726 363 1726 325 1721 280 1708 277 1708 275 1708 272 1708 272 1711 269 1711 258 1722 211 1697 171 1684 141 1698 126 1678 115 1677 70 1703" /></Shape>
	    <String CONTENT="l'Italie et la Gaule. Mais ils confondent deux" HPOS="70.0" VPOS="1647.0" WIDTH="1959.0" HEIGHT="207.0" />
          </TextLine>
          <TextLine ID="eSc_line_6d35c9de" TAGREFS="LT80" BASELINE="92 1800 172 1857 275 1882 504 1883 2079 1783" HPOS="65.0" VPOS="1740.0" WIDTH="2014.0" HEIGHT="181.0">
            <Shape><Polygon POINTS="271 1910 502 1921 623 1903 696 1907 698 1907 701 1907 704 1907 704 1904 736 1895 923 1898 926 1898 1026 1882 1072 1890 1074 1890 1077 1890 1140 1906 1341 1876 1344 1876 1435 1871 1596 1856 1599 1856 1602 1856 1605 1856 1659 1846 1925 1831 1925 1828 1928 1828 1989 1822 2005 1817 2031 1823 2034 1823 2037 1823 2040 1823 2079 1806 2079 1783 2063 1746 1970 1761 1921 1743 1904 1740 1890 1750 1868 1759 1855 1762 1842 1763 1832 1760 1816 1754 1773 1750 1770 1750 1768 1750 1711 1769 1662 1765 1640 1766 1618 1763 1595 1760 1577 1766 1544 1774 1537 1772 1508 1779 1456 1788 1426 1786 1325 1795 1319 1774 1303 1773 1270 1799 1204 1788 1175 1783 1164 1778 1129 1796 1121 1796 1069 1798 1032 1791 1004 1797 970 1811 958 1810 931 1809 879 1818 814 1803 796 1799 732 1829 673 1839 661 1841 642 1857 625 1863 612 1838 546 1821 499 1827 451 1823 445 1821 404 1826 381 1831 342 1814 339 1814 336 1814 183 1813 142 1780 96 1763 65 1812 107 1867" /></Shape>
	    <String CONTENT="choses très distinctes, les Syriens et les marchands" HPOS="65.0" VPOS="1740.0" WIDTH="2014.0" HEIGHT="181.0" />
          </TextLine>
          <TextLine ID="eSc_line_9b547b78" TAGREFS="LT80" BASELINE="83 1909 185 1966 357 1989" HPOS="73.0" VPOS="1881.0" WIDTH="309.0" HEIGHT="129.0">
            <Shape><Polygon POINTS="118 1989 136 1993 155 1979 192 1992 373 2010 382 1968 248 1923 165 1884 137 1881 81 1890 73 1928" /></Shape>
	    <String CONTENT="Syriens." HPOS="73.0" VPOS="1881.0" WIDTH="309.0" HEIGHT="129.0" />
          </TextLine>
          <TextLine ID="eSc_line_f60d15b4" TAGREFS="LT80" BASELINE="132 2034 211 2069 408 2103 590 2090 1683 2019 2135 2002" HPOS="122.0" VPOS="1935.0" WIDTH="2013.0" HEIGHT="197.0">
            <Shape><Polygon POINTS="2065 1957 2057 1952 2020 1935 2017 1935 2015 1935 2012 1935 1967 1957 1958 1960 1953 1957 1914 1941 1911 1941 1908 1941 1905 1941 1866 1960 1835 1974 1801 1963 1793 1960 1790 1960 1787 1960 1784 1960 1782 1960 1779 1963 1759 1980 1639 1988 1571 1971 1549 1966 1546 1966 1543 1966 1540 1966 1518 1974 1465 1988 1414 1977 1389 1971 1386 1971 1383 1971 1380 1971 1372 1977 1352 1994 1324 1980 1321 1980 1319 1980 1316 1980 1305 1980 1189 2002 1145 1994 1142 1994 1139 1994 1100 2013 976 1994 973 1994 971 1994 968 1994 926 2022 881 2005 878 2005 875 2005 872 2005 819 2030 695 2040 401 2034 316 2029 197 2021 168 1990 156 1987 137 2012 130 2020 122 2042 141 2088 277 2114 280 2114 351 2132 423 2128 572 2116 628 2123 631 2123 634 2123 637 2123 738 2109 791 2108 816 2114 819 2114 903 2092 917 2089 1061 2107 1099 2126 1125 2108 1240 2081 1271 2075 1349 2075 1465 2078 1467 2078 1470 2078 1487 2072 1515 2058 1591 2067 1647 2085 1661 2075 1726 2064 1841 2039 1866 2058 1871 2064 1874 2064 1877 2064 1880 2064 1883 2064 1909 2065 1953 2042 2135 2047 2135 2002 2130 1952" /></Shape>
	    <String CONTENT="Il est incontestable que beaucoup de Syriens" HPOS="122.0" VPOS="1935.0" WIDTH="2013.0" HEIGHT="197.0" />
          </TextLine>
          <TextLine ID="eSc_line_a6085376" TAGREFS="LT80" BASELINE="85 2127 224 2182 415 2200 662 2195 1352 2140 2015 2114" HPOS="65.0" VPOS="2064.0" WIDTH="1950.0" HEIGHT="163.0">
            <Shape><Polygon POINTS="179 2210 392 2227 759 2216 1074 2182 1198 2178 1242 2217 1417 2162 1420 2159 1442 2159 1972 2154 1975 2154 2015 2137 2015 2114 2009 2081 1950 2069 1935 2064 1894 2086 1849 2081 1829 2067 1827 2067 1824 2067 1821 2067 1818 2067 1776 2086 1773 2086 1770 2086 1711 2070 1709 2070 1706 2070 1703 2070 1669 2089 1658 2095 1537 2098 1501 2092 1425 2081 1422 2081 1420 2081 1417 2081 1417 2084 1414 2084 1406 2095 1400 2103 1341 2106 1310 2098 1274 2086 1271 2086 1268 2086 1198 2113 1154 2123 1134 2119 1117 2114 1100 2129 1073 2132 1057 2127 1041 2117 1016 2108 992 2115 956 2123 942 2106 928 2100 926 2100 923 2100 920 2100 880 2124 855 2123 828 2123 808 2126 787 2117 771 2120 748 2134 742 2137 732 2139 713 2145 683 2146 672 2146 646 2137 614 2131 589 2134 571 2135 543 2140 513 2138 461 2141 372 2142 218 2133 134 2098 101 2093 65 2151" /></Shape>
	    <String CONTENT="sont attestés en Italie et en Gaule au cours du" HPOS="65.0" VPOS="2064.0" WIDTH="1950.0" HEIGHT="163.0" />
          </TextLine>
          <TextLine ID="eSc_line_34288feb" TAGREFS="LT80" BASELINE="85 2215 240 2294 365 2290 802 2296 2065 2196" HPOS="73.0" VPOS="2145.0" WIDTH="1992.0" HEIGHT="219.0">
            <Shape><Polygon POINTS="348 2316 350 2316 376 2333 378 2333 381 2333 384 2336 468 2336 547 2328 657 2330 712 2364 727 2364 744 2354 752 2325 1018 2302 1021 2302 1024 2302 1132 2289 1240 2291 1243 2291 1431 2258 1448 2255 1462 2255 1563 2263 1566 2263 1668 2250 1709 2255 1726 2250 1745 2250 1762 2257 1786 2255 1807 2235 1810 2235 1815 2235 1908 2255 1911 2255 1914 2255 1916 2255 1942 2235 1984 2244 1987 2244 1989 2244 2065 2221 2065 2196 2059 2145 2006 2145 2003 2145 2001 2145 1989 2151 1944 2171 1852 2170 1813 2157 1810 2157 1807 2157 1804 2157 1801 2159 1776 2182 1644 2187 1605 2171 1596 2168 1594 2168 1591 2168 1588 2168 1580 2171 1532 2193 1507 2182 1504 2182 1501 2182 1251 2228 1193 2206 1145 2193 1142 2193 1139 2193 1136 2196 1091 2218 813 2235 746 2235 726 2239 716 2226 694 2228 681 2232 666 2240 658 2247 640 2248 613 2254 600 2251 488 2236 430 2242 251 2238 114 2190 80 2190 73 2256 184 2314" /></Shape>
	    <String CONTENT="VIIe et du VIIIe s. Rome notamment en reçut" HPOS="73.0" VPOS="2145.0" WIDTH="1992.0" HEIGHT="219.0" />
          </TextLine>
          <TextLine ID="eSc_line_eeb9a38c" TAGREFS="LT80" BASELINE="81 2314 192 2389 310 2405 616 2404 735 2387 2062 2297" HPOS="72.0" VPOS="2248.0" WIDTH="1990.0" HEIGHT="209.0">
            <Shape><Polygon POINTS="122 2392 193 2419 216 2456 227 2457 261 2432 383 2443 1185 2390 1253 2398 2062 2322 2062 2297 2057 2258 2008 2253 1973 2254 1938 2263 1881 2272 1826 2248 1776 2271 1759 2265 1723 2275 1706 2277 1588 2272 1487 2297 1252 2315 1211 2322 1204 2299 1176 2299 1157 2307 1139 2310 1108 2308 1102 2305 1082 2313 1056 2321 1045 2323 1033 2333 1020 2334 998 2336 987 2325 855 2319 757 2333 745 2354 734 2362 729 2369 706 2374 683 2356 664 2349 644 2347 626 2364 616 2358 593 2351 586 2336 583 2336 580 2336 578 2336 547 2336 507 2336 505 2336 502 2336 499 2336 496 2336 443 2359 375 2364 244 2361 118 2287 86 2288 72 2343" /></Shape>
	    <String CONTENT="une quantité durant les premières décades" HPOS="72.0" VPOS="2248.0" WIDTH="1990.0" HEIGHT="209.0" />
          </TextLine>
          <TextLine ID="eSc_line_43c042cc" TAGREFS="LT80" BASELINE="84 2431 229 2478 440 2489 662 2485 1540 2434 2062 2423" HPOS="72.0" VPOS="2367.0" WIDTH="1990.0" HEIGHT="175.0">
            <Shape><Polygon POINTS="84 2495 98 2494 118 2473 148 2481 286 2516 726 2516 785 2507 825 2502 849 2501 864 2504 867 2504 870 2504 872 2504 967 2493 1026 2542 1039 2531 1059 2515 1094 2494 1257 2479 1308 2474 1330 2476 1355 2485 1358 2485 1361 2485 1476 2474 1571 2465 1605 2471 1658 2493 1675 2485 1678 2485 1720 2468 1726 2468 1734 2468 1796 2488 1827 2482 1885 2476 1956 2454 1978 2462 1998 2471 2001 2471 2003 2471 2062 2459 2062 2423 2059 2389 1975 2367 1972 2367 1970 2367 1849 2392 1838 2392 1782 2392 1525 2381 1416 2386 1397 2386 1385 2394 1358 2398 1338 2412 1297 2418 1269 2416 1249 2415 1229 2403 1214 2406 1202 2407 1193 2400 1182 2404 1164 2415 984 2431 949 2429 913 2420 876 2431 846 2429 835 2440 811 2432 793 2426 787 2424 769 2421 730 2431 712 2432 680 2434 649 2434 599 2436 490 2443 257 2442 239 2459 209 2458 191 2433 121 2410 72 2415 75 2465" /></Shape>
	    <String CONTENT="qui suivirent la conquête de leur pays par" HPOS="72.0" VPOS="2367.0" WIDTH="1990.0" HEIGHT="175.0" />
          </TextLine>
          <TextLine ID="eSc_line_94c2f3fa" TAGREFS="LT80" BASELINE="85 2518 175 2567 312 2598 560 2598 1389 2546 2026 2527" HPOS="72.0" VPOS="2480.0" WIDTH="1955.0" HEIGHT="167.0">
            <Shape><Polygon POINTS="126 2603 218 2605 291 2633 294 2633 297 2633 300 2633 303 2633 351 2627 429 2628 432 2628 435 2628 489 2632 536 2625 538 2625 541 2625 544 2628 583 2628 613 2645 721 2608 812 2601 827 2647 847 2644 881 2624 985 2605 987 2605 990 2605 1088 2589 1122 2603 1125 2603 1128 2603 1131 2603 1209 2583 1319 2603 1321 2603 1324 2603 1327 2603 1363 2572 1493 2580 1495 2580 1936 2552 1989 2566 1992 2566 1995 2566 1998 2566 2001 2566 2026 2549 2027 2512 1865 2491 1809 2507 1786 2497 1717 2496 1686 2502 1652 2509 1599 2485 1596 2485 1594 2485 1591 2485 1577 2499 1568 2504 1549 2499 1523 2490 1521 2490 1518 2490 1515 2490 1490 2499 1470 2504 1442 2499 1380 2500 1349 2482 1347 2482 1344 2482 1312 2498 1281 2491 1175 2528 1072 2510 1048 2524 1034 2543 1016 2552 993 2552 966 2536 945 2527 887 2536 870 2529 845 2523 819 2520 800 2526 776 2534 767 2535 757 2535 738 2536 715 2539 689 2525 668 2524 626 2535 614 2532 598 2523 576 2527 558 2530 547 2534 533 2544 506 2556 479 2557 411 2561 381 2542 345 2518 342 2518 339 2518 336 2518 333 2518 225 2529 189 2518 134 2484 113 2480 91 2501 72 2525" /></Shape>
	    <String CONTENT="les Arabes Il faut que leur influence et leur" HPOS="72.0" VPOS="2480.0" WIDTH="1955.0" HEIGHT="167.0" />
          </TextLine>
          <TextLine ID="eSc_line_06c07194" TAGREFS="LT80" BASELINE="78 2632 238 2701 412 2715 780 2681 1064 2667 2023 2633" HPOS="67.0" VPOS="2574.0" WIDTH="1956.0" HEIGHT="171.0">
            <Shape><Polygon POINTS="88 2682 321 2745 418 2742 908 2709 1018 2704 1021 2704 1024 2704 1069 2689 1119 2706 1122 2706 1125 2706 1282 2678 1293 2675 1375 2675 1378 2675 1411 2701 1414 2701 1446 2710 1476 2687 1582 2678 1649 2694 1661 2714 1684 2717 1736 2673 1779 2673 1829 2687 1832 2687 1835 2687 2020 2650 2023 2633 2017 2597 1916 2574 1914 2574 1911 2574 1829 2600 1818 2603 1737 2603 1577 2600 1574 2600 1515 2608 1442 2617 1417 2608 1384 2608 1363 2602 1317 2607 1268 2614 1216 2591 1145 2614 1055 2605 1052 2605 1049 2605 1013 2619 965 2633 925 2637 880 2635 857 2648 842 2656 835 2660 816 2654 807 2639 783 2622 746 2617 743 2617 740 2617 721 2625 684 2639 665 2638 635 2645 614 2656 603 2665 587 2668 571 2669 562 2657 535 2646 404 2670 87 2605 67 2635" /></Shape>
	    <String CONTENT="nombre aient été considérables pour que plu¬" HPOS="67.0" VPOS="2574.0" WIDTH="1956.0" HEIGHT="171.0" />
          </TextLine>
          <TextLine ID="eSc_line_d77f648d" TAGREFS="LT80" BASELINE="78 2733 166 2785 269 2816 391 2820 616 2809 2059 2737" HPOS="50.0" VPOS="2681.0" WIDTH="2009.0" HEIGHT="177.0">
            <Shape><Polygon POINTS="139 2807 336 2855 339 2855 342 2855 345 2855 348 2855 350 2855 350 2852 375 2840 398 2852 401 2852 404 2852 406 2852 561 2836 642 2838 645 2838 648 2838 692 2827 754 2830 769 2832 785 2854 798 2858 845 2822 1021 2827 1024 2827 1111 2802 1243 2833 1274 2819 1276 2819 1279 2819 1279 2816 1307 2788 1338 2788 1369 2788 1479 2807 1481 2807 1484 2807 1487 2807 1528 2786 1577 2785 1641 2805 1644 2805 1647 2805 1650 2805 1653 2805 1653 2802 1689 2783 1705 2781 1719 2781 1729 2783 1766 2783 1786 2799 1824 2786 1852 2789 1897 2793 1900 2793 1902 2793 1939 2771 1998 2790 2001 2790 2003 2790 2006 2790 2009 2790 2059 2760 2059 2737 2055 2686 1998 2698 1939 2681 1936 2681 1933 2681 1930 2681 1863 2704 1834 2705 1800 2703 1774 2703 1747 2698 1685 2725 1664 2719 1637 2726 1622 2715 1582 2695 1580 2695 1577 2695 1525 2692 1492 2697 1474 2700 1447 2723 1414 2720 1403 2709 1400 2709 1397 2709 1343 2695 1288 2732 1175 2732 1119 2712 1116 2712 1114 2712 1111 2712 1108 2712 1069 2737 1010 2718 1007 2718 1004 2718 1001 2718 999 2718 973 2740 934 2723 931 2723 928 2723 926 2723 923 2723 923 2726 900 2746 645 2757 586 2757 560 2746 501 2763 477 2760 471 2748 450 2747 402 2775 380 2760 339 2762 302 2765 288 2761 248 2756 134 2715 97 2698 50 2711 82 2772" /></Shape>
	    <String CONTENT="sieurs d'entre eux tels Sergius Ier (687-701)" HPOS="50.0" VPOS="2681.0" WIDTH="2009.0" HEIGHT="177.0" />
          </TextLine>
          <TextLine ID="eSc_line_0bae410d" TAGREFS="LT80" BASELINE="85 2837 181 2887 349 2913 763 2900 1055 2894 2017 2847" HPOS="67.0" VPOS="2796.0" WIDTH="1950.0" HEIGHT="157.0">
            <Shape><Polygon POINTS="130 2895 257 2935 272 2928 324 2942 340 2942 355 2945 372 2937 387 2937 403 2933 426 2945 429 2945 432 2945 533 2931 566 2945 569 2945 572 2945 575 2945 623 2925 704 2948 707 2948 710 2948 712 2948 715 2948 758 2928 802 2934 805 2934 808 2934 811 2934 833 2922 859 2925 871 2932 899 2938 911 2950 923 2950 1027 2920 1049 2936 1052 2936 1055 2936 1140 2930 1174 2943 1240 2925 1270 2953 1330 2926 1358 2919 1372 2894 1470 2911 1473 2911 1476 2911 1518 2889 1521 2889 1609 2904 1819 2880 1927 2886 2015 2872 2017 2847 2012 2805 1946 2797 1920 2802 1868 2819 1849 2807 1823 2816 1815 2821 1788 2813 1777 2809 1759 2807 1748 2812 1726 2810 1649 2815 1576 2817 1545 2796 1502 2832 1466 2836 1445 2827 1403 2816 1366 2805 1363 2805 1361 2805 1358 2805 1355 2805 1341 2816 1324 2830 1251 2849 1235 2854 1187 2836 1150 2838 1066 2827 1063 2827 1060 2827 1058 2827 1058 2830 1044 2841 989 2846 959 2843 942 2846 933 2842 923 2836 913 2838 894 2845 884 2847 862 2836 848 2842 825 2839 805 2863 791 2865 781 2855 770 2846 758 2844 742 2834 727 2840 723 2845 722 2846 714 2855 702 2858 699 2856 688 2857 682 2850 668 2849 650 2851 642 2851 632 2854 629 2853 621 2852 606 2852 594 2850 579 2849 564 2851 554 2853 543 2855 535 2856 516 2862 492 2860 437 2861 411 2853 395 2850 370 2848 341 2865 320 2874 294 2863 200 2831 135 2812 102 2807 67 2848" /></Shape>
	    <String CONTENT="et Constantin Ier (708-719) aient été éle¬" HPOS="67.0" VPOS="2796.0" WIDTH="1950.0" HEIGHT="157.0" />
          </TextLine>
          <TextLine ID="eSc_line_e1d5e547" TAGREFS="LT80" BASELINE="87 2937 182 2989 307 3015 486 3016 892 2995 1768 2939 2124 2928" HPOS="62.0" VPOS="2890.0" WIDTH="2063.0" HEIGHT="175.0">
            <Shape><Polygon POINTS="718 2980 342 2955 297 2961 90 2890 62 2981 150 2998 256 3050 363 3046 420 3060 423 3060 426 3060 543 3058 555 3065 564 3056 586 3035 620 3035 912 3030 943 3023 982 3035 985 3035 987 3035 990 3035 1026 3018 1056 3021 1083 3024 1116 3034 1160 3056 1187 3023 1203 3014 1257 2998 1260 2995 1265 2995 1330 3018 1333 3018 1335 3018 1338 3018 1341 3018 1375 2992 1378 2990 1386 2992 1420 3001 1422 3001 1589 2986 2125 2955 2124 2909 1828 2890 1304 2942 1287 2956 1253 2955 1212 2946 1171 2956 1130 2941 905 2962 901 2955 891 2942 812 2947" /></Shape>
	    <String CONTENT="vés à la papauté. De Rome, un certain nom¬" HPOS="62.0" VPOS="2890.0" WIDTH="2063.0" HEIGHT="175.0" />
          </TextLine>
          <TextLine ID="eSc_line_65d46dd0" TAGREFS="LT80" BASELINE="90 3041 180 3093 327 3123 476 3109 973 3094 2029 3029" HPOS="69.0" VPOS="2984.0" WIDTH="1960.0" HEIGHT="186.0">
            <Shape><Polygon POINTS="160 3126 345 3141 384 3158 387 3158 390 3158 460 3170 482 3152 485 3152 512 3140 555 3150 558 3150 561 3150 621 3155 732 3141 735 3141 738 3141 767 3154 838 3135 906 3136 916 3139 938 3147 972 3124 983 3126 1029 3127 1032 3127 1035 3127 1170 3096 1212 3088 1229 3093 1240 3099 1243 3099 1246 3099 1330 3091 1442 3092 1479 3085 1512 3096 1515 3096 1518 3096 1521 3096 1523 3096 1523 3093 1537 3082 1566 3085 1704 3078 1723 3074 1798 3091 1801 3091 1804 3091 1900 3065 1942 3057 2026 3060 2029 3029 2023 2990 1894 2998 1869 2995 1810 2984 1807 2984 1804 2984 1801 2984 1801 2987 1790 2998 1776 2990 1695 3001 1675 3001 1672 3001 1658 3004 1588 3018 1537 3006 1495 2998 1493 2998 1490 2998 1465 3009 1332 3033 1291 3017 1203 3025 1168 3062 1145 3061 1117 3050 1102 3048 1072 3026 1049 3028 1036 3045 1017 3055 991 3061 965 3064 928 3050 813 3046 729 3060 700 3066 668 3051 618 3058 598 3037 577 3048 570 3064 553 3089 539 3075 525 3070 497 3076 484 3081 460 3077 420 3079 196 3067 146 3023 135 3001 117 2992 69 3055" /></Shape>
	    <String CONTENT="bre de ces réfugiés, dont leur connaissance" HPOS="69.0" VPOS="2984.0" WIDTH="1960.0" HEIGHT="186.0" />
          </TextLine>
          <TextLine ID="eSc_line_b34d6548" TAGREFS="LT80" BASELINE="78 3144 210 3209 371 3221 716 3225 2015 3147" HPOS="67.0" VPOS="3087.0" WIDTH="1948.0" HEIGHT="203.0">
            <Shape><Polygon POINTS="69 3176 142 3224 322 3254 486 3246 507 3280 693 3251 730 3290 791 3239 839 3240 903 3249 905 3269 925 3270 964 3252 1017 3222 1139 3216 1248 3225 1251 3225 1254 3225 1276 3208 1321 3222 1324 3222 1327 3222 1330 3222 1333 3222 1355 3206 1375 3222 1378 3222 1380 3222 1383 3222 1386 3222 1389 3222 1430 3205 1490 3208 1535 3220 1537 3220 1540 3220 1543 3220 1546 3220 1599 3194 1669 3214 1672 3214 1675 3214 1678 3214 1681 3214 1709 3189 1779 3183 1798 3183 1804 3183 1912 3220 1942 3211 1968 3204 2015 3175 2015 3147 2009 3116 1938 3087 1866 3093 1863 3093 1768 3121 1762 3121 1754 3121 1633 3102 1501 3109 1467 3127 1417 3135 1358 3130 1274 3124 1271 3124 1268 3124 1265 3124 1265 3127 1257 3133 1254 3138 1248 3133 1229 3124 989 3165 443 3188 351 3163 210 3149 115 3108 67 3136" /></Shape>
	    <String CONTENT="de la langue grecque assurait le prestige," HPOS="67.0" VPOS="3087.0" WIDTH="1948.0" HEIGHT="203.0" />
          </TextLine>
          <TextLine ID="eSc_line_c98c0a1c" TAGREFS="LT80" BASELINE="86 3256 236 3321 411 3325 739 3309 1369 3273 2047 3261" HPOS="67.0" VPOS="3207.0" WIDTH="1978.0" HEIGHT="147.0">
            <Shape><Polygon POINTS="128 3327 196 3354 199 3354 202 3354 241 3340 286 3351 289 3351 291 3351 976 3332 1103 3319 1134 3317 1162 3317 1189 3326 1192 3326 1195 3326 1198 3326 1201 3326 1201 3323 1223 3304 1226 3304 1229 3304 1268 3315 1271 3315 1274 3315 1378 3301 1403 3298 1438 3297 1493 3309 1495 3309 1498 3309 1501 3309 1501 3307 1511 3307 1521 3307 1523 3307 1526 3307 1529 3307 1714 3292 1734 3300 1770 3293 1801 3309 1804 3309 1807 3309 2045 3281 2045 3256 2043 3222 2014 3211 2001 3214 1984 3221 1979 3222 1967 3223 1953 3228 1915 3227 1895 3224 1869 3238 1856 3235 1847 3227 1821 3208 1818 3208 1734 3207 1718 3209 1671 3231 1645 3230 1619 3226 1591 3211 1588 3211 1585 3211 1523 3234 1447 3224 1422 3235 1313 3239 1230 3235 1193 3238 1159 3242 1134 3236 1098 3227 1081 3229 1067 3236 1041 3245 1001 3249 996 3260 987 3269 968 3272 928 3279 878 3276 859 3269 798 3249 748 3291 716 3300 706 3289 700 3269 670 3266 594 3284 529 3297 496 3296 480 3253 462 3257 449 3261 411 3267 381 3272 314 3282 260 3273 152 3257 116 3225 89 3218 67 3259 94 3290" /></Shape>
	    <String CONTENT="se repandirent tantôt vers le Nord, appor¬" HPOS="67.0" VPOS="3207.0" WIDTH="1978.0" HEIGHT="147.0" />
          </TextLine>
          <TextLine ID="eSc_line_fb13dbc8" TAGREFS="LT80" BASELINE="88 3350 181 3404 319 3421 679 3421 888 3393 1476 3363 2037 3354" HPOS="71.0" VPOS="3290.0" WIDTH="1967.0" HEIGHT="177.0">
            <Shape><Polygon POINTS="113 3399 143 3422 179 3430 224 3444 227 3444 230 3447 230 3444 232 3444 283 3440 325 3450 328 3450 331 3450 533 3433 663 3455 754 3467 808 3438 811 3438 836 3434 876 3428 913 3422 954 3411 975 3414 996 3414 1029 3409 1063 3419 1066 3419 1181 3403 1228 3410 1270 3407 1302 3405 1305 3405 1307 3405 1383 3388 1392 3388 1394 3388 1434 3408 1436 3408 1439 3408 1442 3408 1479 3398 1512 3409 1566 3400 1675 3396 1678 3396 1925 3374 1978 3391 1981 3391 1984 3391 1987 3391 2038 3386 2037 3354 2034 3309 1995 3290 1992 3290 1989 3290 1987 3290 1935 3317 1902 3325 1806 3326 1736 3309 1679 3328 1624 3308 1597 3314 1571 3325 1552 3326 1502 3324 1465 3316 1431 3308 1410 3315 1401 3323 1383 3329 1369 3321 1341 3328 1311 3332 1292 3334 1274 3336 1249 3338 1164 3346 906 3349 882 3354 862 3343 837 3357 821 3354 805 3354 367 3366 308 3375 278 3371 252 3362 208 3371 151 3359 129 3346 122 3325 115 3316 108 3319 83 3336 71 3367" /></Shape>
	    <String CONTENT="tant avec eux des manuscrits, des ivoires," HPOS="71.0" VPOS="3290.0" WIDTH="1967.0" HEIGHT="177.0" />
          </TextLine>
          <TextLine ID="eSc_line_8fd28804" TAGREFS="LT80" BASELINE="80 3435 179 3501 390 3531 603 3518 660 3514 1389 3464 2034 3450" HPOS="65.0" VPOS="3391.0" WIDTH="1969.0" HEIGHT="167.0">
            <Shape><Polygon POINTS="96 3509 204 3546 419 3555 847 3534 850 3534 853 3534 872 3525 884 3525 903 3522 920 3543 930 3558 955 3544 962 3536 978 3529 987 3514 1024 3515 1074 3514 1156 3523 1159 3523 1161 3523 1189 3511 1226 3497 1327 3509 1341 3509 1344 3509 1347 3509 1349 3509 1349 3506 1369 3489 1459 3506 1498 3511 1501 3511 1504 3511 1507 3511 1507 3509 1512 3503 1545 3486 1846 3480 2031 3492 2034 3450 2029 3410 1939 3391 1936 3391 1933 3391 1930 3391 1902 3410 1897 3416 1891 3410 1863 3394 1860 3394 1857 3394 1855 3394 1852 3394 1849 3394 1821 3413 1815 3416 1641 3419 1622 3416 1551 3420 1504 3419 1462 3419 1434 3419 1417 3427 1328 3414 1271 3422 1250 3435 1236 3429 1225 3428 1212 3418 1201 3423 1179 3420 1166 3416 1136 3427 1133 3427 1131 3427 1128 3427 1125 3427 1097 3444 1055 3424 1046 3422 1044 3422 1041 3422 1038 3422 1029 3424 1005 3455 995 3437 970 3436 938 3432 917 3439 913 3446 897 3455 881 3463 860 3440 844 3445 830 3461 816 3470 790 3474 715 3481 687 3469 631 3469 457 3469 325 3469 278 3462 231 3453 171 3450 103 3400 65 3426 78 3486" /></Shape>
	    <String CONTENT="des orfevreries dont ils s'étaient pourvus en" HPOS="65.0" VPOS="3391.0" WIDTH="1969.0" HEIGHT="167.0" />
          </TextLine>
          <TextLine ID="eSc_line_ad887c73" TAGREFS="LT80" BASELINE="73 3572 265 3639 417 3641 538 3624 1462 3565 2054 3545" HPOS="56.0" VPOS="3483.0" WIDTH="1998.0" HEIGHT="186.0">
            <Shape><Polygon POINTS="82 3620 108 3615 255 3664 303 3668 305 3668 578 3643 735 3669 855 3643 858 3643 923 3626 985 3638 987 3638 1088 3624 1091 3624 1094 3624 1094 3621 1115 3618 1133 3614 1154 3606 1257 3618 1260 3618 1358 3596 1375 3593 1383 3596 1406 3604 1408 3604 1411 3604 1695 3581 1765 3579 1779 3579 1857 3593 1860 3593 2054 3567 2054 3545 2048 3506 1930 3506 1874 3483 1871 3483 1869 3483 1866 3483 1863 3483 1863 3486 1838 3511 1829 3517 1737 3505 1554 3509 1552 3509 1549 3509 1546 3509 1535 3520 1526 3528 1442 3528 1411 3523 1324 3511 1321 3511 1319 3511 1316 3511 1296 3525 1285 3534 1251 3525 1181 3511 1178 3511 1175 3511 1173 3511 1173 3514 1153 3528 1133 3551 1038 3553 1007 3556 934 3563 926 3556 917 3556 901 3558 859 3567 827 3565 667 3573 620 3573 592 3574 581 3568 570 3564 562 3555 545 3563 537 3575 525 3582 507 3576 454 3562 451 3562 449 3562 446 3562 353 3584 283 3579 273 3574 253 3562 217 3564 171 3558 103 3539 62 3555 56 3596" /></Shape>
	    <String CONTENT="quittant leur patrie. Les souverains caro¬" HPOS="56.0" VPOS="3483.0" WIDTH="1998.0" HEIGHT="186.0" />
          </TextLine>
          <TextLine ID="eSc_line_b6161544" TAGREFS="LT80" BASELINE="71 3654 193 3728 424 3751 649 3740 1509 3680 2093 3671" HPOS="47.0" VPOS="3607.0" WIDTH="2046.0" HEIGHT="185.0">
            <Shape><Polygon POINTS="2088 3629 1930 3607 1928 3607 1793 3635 1768 3640 1748 3638 1661 3618 1658 3618 1344 3646 1240 3635 1237 3635 1234 3635 1198 3652 1173 3663 1066 3637 893 3682 482 3704 193 3684 97 3618 47 3668 116 3725 149 3739 173 3776 192 3778 465 3778 477 3778 576 3767 842 3763 883 3792 993 3755 1029 3750 1175 3727 1248 3741 1276 3744 1279 3744 1282 3744 1302 3739 1369 3713 1770 3713 1770 3711 1773 3711 1776 3711 1795 3705 1818 3713 1829 3722 1832 3722 1835 3722 1838 3722 1841 3722 1863 3711 1877 3705 1891 3711 1914 3719 1916 3719 1919 3719 1922 3719 1967 3708 2015 3694 2090 3699 2093 3671 2090 3657 2088 3640" /></Shape>
	    <String CONTENT="lingiens ne manquèrent pas de les employer" HPOS="47.0" VPOS="3607.0" WIDTH="2046.0" HEIGHT="185.0" />
          </TextLine>
          <TextLine ID="eSc_line_7767c20f" TAGREFS="LT80" BASELINE="67 3774 170 3820 319 3848 500 3850 645 3831 1669 3781 2023 3781" HPOS="47.0" VPOS="3716.0" WIDTH="1976.0" HEIGHT="163.0">
            <Shape><Polygon POINTS="171 3871 348 3876 573 3879 1091 3842 1128 3834 1187 3823 1218 3831 1223 3834 1226 3834 1229 3834 1265 3831 1391 3823 1434 3826 1439 3831 1442 3831 1445 3831 1448 3831 1450 3831 1479 3826 1539 3812 1580 3820 1594 3826 1596 3826 1599 3826 1641 3820 1751 3800 2020 3806 2023 3781 2017 3736 1944 3739 1939 3739 1883 3716 1880 3716 1877 3716 1874 3716 1871 3716 1843 3736 1740 3722 1737 3722 1734 3722 1667 3744 1539 3732 1521 3741 1518 3741 1515 3741 1498 3755 1495 3755 1484 3755 1318 3746 1282 3754 1257 3752 1242 3749 1221 3753 1205 3760 1173 3767 1173 3769 1108 3772 1094 3769 1039 3768 926 3795 865 3803 681 3786 679 3786 646 3784 625 3792 609 3797 596 3805 594 3796 589 3789 586 3792 578 3789 562 3796 543 3799 525 3793 497 3802 487 3803 465 3803 446 3804 333 3803 311 3800 231 3797 193 3798 163 3783 161 3768 159 3762 106 3738 77 3741 47 3791 132 3839" /></Shape>
	    <String CONTENT="à l'oeuvre de renouveau litteraire et artis¬" HPOS="47.0" VPOS="3716.0" WIDTH="1976.0" HEIGHT="163.0" />
          </TextLine>
          <TextLine ID="eSc_line_7bfced16" TAGREFS="LT80" BASELINE="65 3864 169 3924 292 3949 431 3958 705 3948 2051 3884" HPOS="52.0" VPOS="3826.0" WIDTH="1999.0" HEIGHT="204.0">
            <Shape><Polygon POINTS="122 3960 171 3965 218 3968 256 3977 263 3994 269 4005 284 4010 345 3980 376 3994 378 3994 381 3994 439 4030 496 3991 499 3991 499 3988 502 3988 510 3977 572 3988 575 3988 746 3960 811 3980 813 3980 816 3980 819 3980 908 3966 942 3961 962 3966 1029 3966 1032 3966 1035 3966 1105 3949 1223 3966 1226 3966 1229 3966 1307 3941 1349 3957 1352 3957 1355 3957 1358 3957 1407 3950 1430 3938 1463 3945 1537 3943 1540 3943 1874 3921 1894 3935 1897 3935 1900 3935 1902 3935 2051 3907 2051 3884 2045 3851 1970 3837 1967 3837 1874 3854 1832 3859 1810 3854 1728 3826 1726 3826 1723 3826 1720 3826 1717 3826 1717 3828 1686 3856 1639 3859 1624 3856 1546 3831 1543 3831 1540 3831 1537 3831 1470 3859 1459 3862 1450 3859 1414 3845 1411 3845 1408 3845 1406 3845 1403 3845 1386 3859 1372 3873 1226 3879 1189 3862 1147 3845 1145 3845 1142 3845 1139 3845 1136 3845 1114 3865 1088 3884 1044 3887 942 3868 914 3862 912 3862 909 3862 906 3862 900 3868 870 3893 766 3876 763 3876 760 3876 712 3898 662 3884 659 3884 656 3884 653 3884 651 3884 651 3887 634 3904 564 3904 547 3907 513 3896 497 3902 457 3907 440 3904 414 3910 380 3909 305 3907 182 3887 120 3844 97 3831 52 3856 78 3920" /></Shape>
	    <String CONTENT="tique qu ils avaient entreprise. Charlemagne" HPOS="52.0" VPOS="3826.0" WIDTH="1999.0" HEIGHT="204.0" />
          </TextLine>
          <TextLine ID="eSc_line_7f8352d3" TAGREFS="LT80" BASELINE="56 3972 156 4026 363 4069 642 4050 1465 4016 2015 4008" HPOS="39.0" VPOS="3946.0" WIDTH="1976.0" HEIGHT="171.0">
            <Shape><Polygon POINTS="110 4018 165 4070 316 4095 328 4112 343 4117 360 4113 377 4100 397 4101 459 4097 487 4103 526 4114 540 4098 559 4082 579 4080 625 4098 628 4098 671 4109 719 4082 788 4072 850 4092 853 4092 855 4092 858 4092 861 4092 905 4074 915 4069 955 4069 1010 4070 1013 4070 1015 4070 1049 4061 1083 4050 1116 4058 1192 4084 1195 4084 1198 4084 1201 4084 1203 4084 1243 4058 1273 4057 1441 4045 1552 4036 1574 4053 1577 4056 1580 4056 1582 4056 1585 4056 1588 4056 1596 4053 1633 4033 1740 4033 1810 4050 1895 4058 1935 4102 2015 4044 2015 4008 2012 3960 1992 3946 1989 3946 1987 3946 1984 3946 1981 3946 1978 3946 1947 3966 1936 3971 1922 3966 1874 3946 1871 3946 1869 3946 1773 3963 1695 3952 1692 3952 1689 3952 1686 3952 1672 3966 1630 3952 1627 3952 1624 3953 1476 3971 1366 3985 1296 3974 1262 3969 1260 3969 1257 3969 1229 3991 1197 4003 1161 3974 1150 3974 1147 3974 1145 3974 1142 3974 1142 3977 1116 3991 948 4001 914 4001 777 4002 704 3983 687 3977 684 3977 681 3977 679 3977 676 3977 670 3983 498 4038 339 4037 201 3998 85 3957 63 3951 39 4001" /></Shape>
	    <String CONTENT="en chargea quelques uns de revoir le texte des" HPOS="39.0" VPOS="3946.0" WIDTH="1976.0" HEIGHT="171.0" />
          </TextLine>
          <TextLine ID="eSc_line_2393072e" TAGREFS="LT80" BASELINE="50 4066 159 4146 238 4165 338 4184 465 4180 962 4148 2017 4117" HPOS="31.0" VPOS="4018.0" WIDTH="1986.0" HEIGHT="203.0">
            <Shape><Polygon POINTS="130 4178 217 4214 252 4221 266 4213 266 4210 286 4209 308 4210 311 4210 314 4210 317 4210 569 4204 572 4204 575 4204 575 4201 580 4199 607 4201 639 4196 662 4201 665 4201 667 4201 670 4201 701 4196 733 4197 766 4190 832 4207 855 4196 858 4196 881 4185 909 4173 1074 4176 1248 4182 1365 4161 1460 4172 1678 4151 1681 4154 1703 4171 1706 4171 1709 4171 1711 4171 1714 4171 1776 4151 1978 4165 1981 4165 1984 4165 1987 4165 2017 4140 2017 4117 2001 4100 1955 4105 1924 4106 1877 4101 1845 4066 1813 4058 1810 4058 1782 4081 1773 4086 1762 4081 1726 4064 1723 4064 1720 4064 1717 4064 1661 4081 1636 4089 1619 4081 1591 4070 1588 4070 1484 4067 1481 4067 1479 4067 1431 4084 1403 4098 1274 4103 1237 4103 1196 4094 1160 4096 1132 4099 1116 4100 1075 4103 996 4081 993 4081 990 4081 976 4092 945 4109 839 4109 812 4095 801 4104 778 4118 756 4129 737 4133 726 4121 713 4107 703 4110 666 4136 579 4125 584 4100 572 4095 548 4101 521 4126 513 4143 493 4136 394 4135 348 4120 321 4128 321 4116 308 4106 213 4118 137 4084 119 4034 101 4018 31 4065 35 4101" /></Shape>
	    <String CONTENT="évangiles. Et c'est probablement un de leurs" HPOS="31.0" VPOS="4018.0" WIDTH="1986.0" HEIGHT="203.0" />
          </TextLine>
          <TextLine ID="eSc_line_a238d6b6" TAGREFS="LT80" BASELINE="53 4193 216 4268 454 4313 541 4287 1605 4235 2057 4227" HPOS="30.0" VPOS="4152.0" WIDTH="2027.0" HEIGHT="204.0">
            <Shape><Polygon POINTS="82 4252 175 4302 294 4313 325 4328 328 4328 331 4328 333 4328 336 4328 373 4316 443 4336 446 4336 449 4336 451 4336 522 4314 572 4330 575 4330 651 4356 718 4325 721 4325 787 4299 805 4299 864 4308 867 4308 870 4308 930 4294 958 4296 989 4292 1133 4300 1136 4300 1139 4300 1178 4286 1223 4302 1226 4302 1229 4302 1232 4302 1276 4287 1296 4281 1329 4281 1417 4302 1420 4302 1440 4326 1484 4300 1487 4300 1490 4300 1532 4272 1540 4263 1796 4255 1810 4263 1843 4286 1846 4286 1849 4286 1852 4288 1900 4288 1900 4286 1902 4286 1905 4286 1936 4260 1942 4257 2057 4257 2057 4227 2048 4185 1933 4185 1908 4165 1908 4162 1905 4162 1902 4162 1818 4154 1815 4154 1813 4154 1810 4154 1770 4187 1734 4177 1708 4170 1689 4168 1669 4181 1653 4190 1639 4199 1560 4199 1549 4190 1523 4185 1493 4179 1447 4190 1415 4193 1388 4177 1365 4167 1346 4169 1333 4178 1312 4184 1292 4190 1275 4202 1243 4210 1206 4196 1192 4190 1189 4190 1187 4190 1184 4190 1173 4196 1150 4210 1133 4196 1114 4182 1111 4182 1108 4182 1105 4182 1102 4182 1066 4199 1041 4210 1029 4199 1018 4190 1018 4187 1015 4187 1013 4187 959 4185 957 4185 954 4185 951 4185 934 4199 914 4218 844 4224 825 4226 768 4239 743 4240 733 4239 681 4238 592 4232 579 4229 571 4230 563 4225 546 4228 531 4235 524 4233 505 4235 482 4237 447 4241 420 4242 387 4238 361 4225 329 4225 312 4227 261 4239 226 4238 190 4224 60 4152 30 4206" /></Shape>
	    <String CONTENT="compatriotes qui a laissé à Metz un texte grec" HPOS="30.0" VPOS="4152.0" WIDTH="2027.0" HEIGHT="204.0" />
          </TextLine>
          <TextLine ID="eSc_line_7909fe57" TAGREFS="LT80" BASELINE="60 4304 164 4358 273 4388 492 4400 791 4387 2054 4347" HPOS="41.0" VPOS="4269.0" WIDTH="2013.0" HEIGHT="200.0">
            <Shape><Polygon POINTS="96 4374 210 4403 242 4406 258 4413 278 4416 298 4418 326 4420 338 4420 362 4425 396 4423 412 4419 451 4426 461 4455 472 4469 599 4427 661 4449 754 4429 757 4429 791 4423 867 4429 870 4429 872 4429 875 4429 914 4422 982 4426 985 4426 987 4426 1175 4395 1209 4409 1212 4409 1215 4409 1375 4395 1504 4412 1507 4412 1509 4412 1512 4412 1512 4409 1539 4401 1591 4401 1594 4401 1596 4401 1655 4381 2026 4387 2029 4387 2031 4387 2034 4387 2054 4372 2054 4347 2040 4300 2029 4308 2020 4302 2003 4288 2001 4288 1998 4288 1995 4288 1902 4302 1891 4302 1869 4302 1661 4294 1658 4294 1655 4294 1630 4305 1588 4328 1543 4334 1507 4329 1491 4330 1466 4323 1428 4343 1412 4343 1396 4342 1380 4338 1351 4329 1307 4301 1257 4334 1203 4302 1201 4302 1198 4302 1195 4302 1192 4302 1181 4311 1142 4336 962 4336 931 4319 928 4319 926 4319 923 4319 920 4319 886 4336 850 4316 847 4316 844 4316 841 4316 839 4316 839 4319 813 4339 767 4336 753 4344 729 4349 706 4364 666 4359 567 4363 409 4347 393 4349 372 4348 363 4337 341 4340 322 4343 184 4317 127 4307 103 4278 69 4269 41 4325" /></Shape>
	    <String CONTENT="ds laudes qui y est mentionné au IXe siècle." HPOS="41.0" VPOS="4269.0" WIDTH="2013.0" HEIGHT="200.0" />
          </TextLine>
          <TextLine ID="eSc_line_980e609c" TAGREFS="LT80" BASELINE="164 4483 290 4515 439 4520 628 4516 1319 4477 1406 4473 1596 4462 2089 4451" HPOS="151.0" VPOS="4401.0" WIDTH="1939.0" HEIGHT="145.0">
            <Shape><Polygon POINTS="156 4520 351 4545 438 4546 839 4532 841 4532 875 4527 895 4527 898 4527 900 4527 903 4527 1189 4516 1192 4516 1195 4516 1215 4502 1232 4518 1234 4518 1237 4518 1240 4518 1324 4516 1327 4516 1330 4516 1352 4499 1355 4496 1363 4499 1408 4510 1411 4510 1414 4510 1574 4490 1616 4488 1658 4488 1843 4504 1869 4499 2088 4473 2090 4451 2085 4417 2001 4401 1998 4401 1891 4417 1838 4426 1790 4420 1720 4409 1717 4409 1602 4420 1504 4431 1490 4423 1476 4412 1473 4412 1470 4412 1467 4412 1465 4412 1439 4423 1417 4434 1400 4423 1386 4412 1383 4412 1380 4412 1378 4412 1375 4412 1372 4412 1355 4423 1333 4437 1310 4423 1302 4420 1299 4420 1296 4420 1268 4423 1218 4419 1164 4426 1153 4417 1150 4417 1147 4417 1145 4417 1142 4417 1139 4417 1119 4423 1097 4448 1058 4431 1055 4431 1052 4431 973 4445 942 4429 937 4426 934 4426 879 4454 607 4487 480 4478 447 4464 436 4456 380 4487 344 4483 255 4484 242 4460 231 4451 214 4451 198 4452 151 4499" /></Shape>
	    <String CONTENT="On doit encore considérer comme une preuve" HPOS="151.0" VPOS="4401.0" WIDTH="1939.0" HEIGHT="145.0" />
          </TextLine>
          <TextLine ID="eSc_line_d4a01a7e" TAGREFS="LT80" BASELINE="82 4557 242 4619 408 4629 611 4615 2037 4555" HPOS="60.0" VPOS="4499.0" WIDTH="1977.0" HEIGHT="172.0">
            <Shape><Polygon POINTS="227 4667 230 4667 232 4667 235 4667 238 4667 238 4664 255 4647 258 4647 328 4655 782 4644 844 4671 925 4642 1251 4617 1275 4620 1321 4625 1324 4625 1443 4608 1484 4619 1487 4619 1490 4619 1664 4614 1667 4614 1669 4614 1697 4594 1728 4611 1731 4611 1734 4611 1760 4616 1796 4603 1838 4605 1841 4605 1843 4605 2037 4580 2037 4555 2029 4513 1987 4521 1972 4513 1950 4499 1947 4499 1944 4499 1942 4499 1939 4499 1936 4499 1936 4502 1919 4516 1895 4516 1822 4539 1787 4516 1784 4516 1782 4516 1770 4518 1731 4532 1700 4521 1667 4507 1664 4507 1661 4507 1658 4507 1613 4524 1571 4538 1546 4524 1526 4516 1523 4516 1521 4516 1518 4516 1515 4516 1501 4527 1459 4528 1392 4530 1330 4521 1327 4521 1324 4521 1305 4532 1271 4549 1097 4544 1094 4544 958 4552 913 4562 898 4564 853 4541 850 4541 847 4541 844 4541 841 4541 839 4541 804 4577 796 4574 744 4587 683 4562 642 4549 637 4546 634 4546 631 4546 628 4546 620 4549 569 4572 519 4562 494 4562 435 4561 355 4555 264 4581 195 4545 124 4523 84 4520 60 4581 151 4626" /></Shape>
	    <String CONTENT="de la pénétration syrienne en Occident après le" HPOS="60.0" VPOS="4499.0" WIDTH="1977.0" HEIGHT="172.0" />
          </TextLine>
          <TextLine ID="eSc_line_594074f6" TAGREFS="LT80" BASELINE="90 4667 198 4725 385 4737 596 4723 2020 4675" HPOS="75.0" VPOS="4617.0" WIDTH="1945.0" HEIGHT="175.0">
            <Shape><Polygon POINTS="443 4768 446 4768 449 4768 503 4754 547 4760 550 4760 552 4760 659 4746 718 4757 721 4757 790 4753 809 4780 820 4792 836 4790 865 4751 952 4749 1355 4746 1358 4746 1729 4706 1904 4705 1975 4715 1978 4715 1981 4715 1984 4715 2020 4695 2020 4675 2012 4633 1751 4643 1709 4636 1661 4617 1658 4617 1655 4617 1653 4617 1610 4636 1582 4653 1473 4653 1448 4639 1428 4625 1425 4625 1422 4625 1341 4625 1338 4625 1335 4625 1333 4625 1310 4642 1282 4659 1246 4647 1243 4647 1240 4647 1237 4647 1212 4661 1187 4642 1175 4633 1173 4633 1170 4633 1167 4633 1164 4633 1161 4633 1150 4645 1128 4661 1055 4645 1024 4639 1021 4639 1018 4639 1015 4639 1010 4645 962 4681 821 4692 716 4655 654 4658 626 4672 620 4678 599 4683 590 4677 542 4663 506 4667 475 4672 467 4681 428 4686 404 4681 359 4664 356 4664 353 4664 258 4681 223 4680 177 4664 127 4631 98 4626 75 4699 161 4757" /></Shape>
	    <String CONTENT="VIIe siecle l'action que l'art de l'Asie-Mineure" HPOS="75.0" VPOS="4617.0" WIDTH="1945.0" HEIGHT="175.0" />
          </TextLine>
          <TextLine ID="eSc_line_0f7f3761" TAGREFS="LT80" BASELINE="64 4780 296 4858 467 4845 644 4846 1995 4810" HPOS="48.0" VPOS="4752.0" WIDTH="1947.0" HEIGHT="143.0">
            <Shape><Polygon POINTS="157 4863 241 4872 244 4872 269 4889 272 4889 275 4889 277 4889 280 4889 283 4889 283 4886 297 4875 418 4886 420 4886 423 4886 482 4872 505 4866 524 4869 583 4883 586 4883 589 4883 617 4869 631 4866 653 4875 1035 4864 1031 4893 1045 4895 1087 4874 1470 4849 1608 4861 1610 4861 1613 4861 1616 4861 1636 4847 1992 4858 1995 4810 1987 4768 1723 4776 1655 4768 1563 4757 1560 4757 1557 4757 1554 4757 1554 4760 1543 4768 1532 4779 1493 4771 1448 4760 1445 4760 1442 4760 1439 4760 1425 4771 1408 4782 1386 4771 1369 4762 1366 4762 1363 4762 1361 4762 1333 4771 1279 4788 1055 4788 1004 4774 979 4765 976 4765 973 4765 971 4765 968 4765 901 4800 897 4776 887 4765 871 4771 860 4782 851 4802 839 4815 814 4794 806 4787 798 4788 787 4799 752 4793 670 4774 648 4771 645 4771 642 4771 639 4771 634 4774 600 4796 496 4779 397 4790 325 4812 77 4752 48 4794" /></Shape>
	    <String CONTENT="a exercée sur le développement de l ornemen¬" HPOS="48.0" VPOS="4752.0" WIDTH="1947.0" HEIGHT="143.0" />
          </TextLine>
        </TextBlock>
      </PrintSpace>
    </Page>
  </Layout>
</alto>