4090 5056
3672 54 257 207 44

88 54 1935 152 se déifier de la dynastie. Amalasuntha

75 139 1948 147 avait été une servante d l Empereur. Son

80 248 2061 135 mari Theodaha l assassin est un platonicien

92 374 2020 156 qui se pique de dédaigner les armes. Ever¬

88 476 2087 160 mud son beau-fils s'est rendu tout de suite

88 606 2003 139 à Bélisaire, préférant aller vivre en patri¬

84 690 2150 182 cien à Constantinople plutôt que de défendre

92 808 2163 161 la cause de Ses compatriotes barbares (Hart¬

96 922 616 165 mann I 261)

84 990 2100 189 Il est donc tout naturel que se sentant me¬

80 1099 2045 173 nacés, les soldats aient élevé sur le bouclier un

75 1200 2016 190 de leurs officiers, Witiges. C'est encore une fois

71 1377 1021 127 un pronunciamiento.

84 1449 2117 181 Witiges ne put prendre Rome où Bélisaire s est

84 1546 2095 206 enfermé (537) Lui même Witiges enfermé ds

84 1647 2167 215 Ravenne tombe en 540 au pouvoir de Bélisaire.

96 1756 2062 198 <... ...... . .... ..............>

118 1862 2083 227 <..... ....... .... ....... ... ....... ..........>

118 1992 2057 224 <... .... .. ......... ......... ....... ............>

96 2089 2012 198 <... ...... ......... ... ........ ........ ..>

118 2237 1319 143 <... ....... ........ ... .......>

92 2296 2049 194 La conduite de Witiges et des Goths est pendant

88 2393 2180 210 ce siege caractéristique. A condition que Belisaire

80 2485 2129 207 leur laisse la vie et les biens les Goths lui offrent

88 2599 2032 202 la couronne. Witiges accepte la combinaison.

88 2709 1994 206 Belisaire accepte ou feint d'accepter et entre

92 2814 1961 198 dans la ville. Un traité est signé en 540.

88 2936 1986 181 Belisaire profite de la situation pour se faire

84 3075 2036 143 prêter serment par les garnisons gothiques. Il

88 3172 2028 173 est alors, ayant terminé sa mission, rappelé

80 3269 2040 198 par l'empereur. Et à la stupéfaction des Goths

101 3408 2007 164 qui ne peuvent comprendre qu'il aille re¬

105 3518 2011 168 prendre du service quand il peut être roi in¬

113 3623 2088 177 dépendant, il obéit. Il emmene avec lui Witiges

96 3758 1986 160 et une quantité d Goths qui le suivent et qui

92 3872 2024 151 participeront avec lui aux guerres contre les

96 3947 291 173 Perses.

113 4082 2012 165 Cette conduite d Belisaire qui amène en I¬

109 4192 2020 185 talie un préfet du prétoire et le gouvernement

105 4322 2053 160 direct de Rome est une trahison pour les Goths.

105 4457 2062 156 Ceux du Nord, qui n'est pas encore occupé par

118 4571 2019 169 les impériaux offrent la couronne à un offi¬

105 4685 2049 185 cier, Uraias qui la refuse puis à Hildebad

109 4786 2387 236 neveu du roi Wisig Theudis (Hartmann, I 289-90)

2293 1200 1674 169 Ce pauvre Witiges pour assurer ses der¬

2302 1264 1631 231 rières cède la Provence aux Francs qui

2293 1403 1480 210 se la font ratifier par Justinien

2348 1533 873 177 Kiener Prov. p.22.
