4090 5056
3461 109 350 228 58

2015 206 118 131 2

1197 332 1535 224 La navigation orientale

2521 408 890 240 Syriens et Juifs)

143 674 1969 202 Des deux parties de l'Empire la grecque a

101 808 2049 169 toujours été plus avancée en civilisation que

105 905 2045 173 la latine. Inutile d insister sur ce fait évi¬

101 1040 257 131 dent.

105 1099 2028 186 Par la mer elle correspond avec l Occident et

113 1205 2045 193 le vivifie. C est particulièrement la Syrie où

105 1348 2079 143 abondent les Caravanes de l'Inde, Chine et A¬

105 1432 1994 173 rabie qui est active Les Syriens sont alors

92 1525 1999 194 des routiers de la mer comme les Hollandais

92 1647 1974 181 du XVIIe siècle. C est par eux que s'exportent

109 1752 2066 186 les épices, les produits industriels des grandes

96 1879 2062 172 Villes Orientales, Antioche, Damas, Alexan¬

101 1950 2125 224 drie etc. Ils sont dans tous les ports et même

105 2060 2049 219 s etablissent à l'intérieur. Sous l'Empire

101 2186 2040 202 Ils ont ds établissements à Alexandrie, Rome,

101 2317 2024 202 en Espagne, en Gaule en Grande Bretagne et

84 2426 1703 169 jusqu'à Carnuntum sur le Danube

96 2532 1961 206 Les invasions n'ont en rien changé la

80 2620 2133 228 situation. Peut-être Genséric par ses pirateries

96 2755 2029 198 a-t-il un peu gêné la navigation, mais en

109 2886 1885 172 tous cas elle reparait en plein après lui.

92 2999 1990 186 Salvien + c.484, genéralisant sans doute ce

88 3075 1994 207 qu'il voit à Marseille parle des Negotiato¬

96 3210 1982 181 rum et Syricorum omnium turbas quae

92 3328 1940 173 majorem ferme civitatum universarum

101 3480 932 118 partem occupant.

109 3539 1851 181 L'archéologie confirme cela. Par exemple le

92 3652 1923 161 bouclier dit d'Annibal au cabinet des Médailles du

96 3741 1970 185 VIIe s. Les coupes d'argent de Valdonne (Bouches du

101 3821 2036 198 Rhône) sont revêtues de poinçons de contrôle qu'on

92 3952 1995 168 trouve sur les pièces d orfèvrerie syrienne. S.d.

92 4053 2024 164 aussi le bouclier de Valentinien du Musée de Ge¬

84 4171 2049 172 nêve (Note Bréhier). Les Arabes ont trouvé dans

96 4293 2003 164 le palais du dernier roi Wisigoth les psaumes

105 4377 2517 202 de David en caractères grecs en lettres d'or (Puig Cadafalch)

101 4550 1745 152 Mais les textes sont plus significatifs.

113 4651 2130 198 <..... .....>. Bréhier L'art en France, p. 38

2184 2283 1623 173 Charles worth 178, 202, 220, 238.

2196 2380 987 173 Dobias (note Cumont)

2230 2730 1712 198 <......... ...... ..... ...... ....>

2163 2818 1770 207 <.. ........ ..... ..... .... ...... ... ...>

2137 2970 696 139 <..... ... ....>

2112 3185 1122 118 Fustel monarchie, 257.

2082 3315 1286 211 Scheffer B. Βιός. VI, 541

2078 3442 1172 164 Brehier Les Colonies 1903

2066 3543 1399 206 Ebersolt Orient et Occid 1928
