3978 5058
3522.0 63.0 334.0 265.0 192

97.0 4.0 2056.0 137.0 cherché à tirer parti des circonstances. Son am¬

66.0 92.0 2068.0 145.0 bassadeur Georges, qui avait déja négocié avec

63.0 174.0 2097.0 145.0 Pepin en 756, arrive à Naples en 758 et noue

25.0 267.0 3255.0 126.0 avec Didier des projets de coalition pr reprendre

36.0 339.0 2038.0 149.0 Rome et Ravenne (Oelsner p. 320-21). Puis il

77.0 429.0 2000.0 154.0 va à la cour de Pepin où il n'obtient rien,

75.0 526.0 2084.0 153.0 celui-ci restant fidèle au pape. En 760 le bruit

59.0 633.0 2073.0 161.0 se répand à Rome que l'empereur envoye une

49.0 716.0 2020.0 164.0 flotte de 300 vaisseaux contre Rome et la

58.0 813.0 2078.0 164.0 France (Ibid. 346) Cf. Monumenta Carolini,

62.0 910.0 1991.0 156.0 p. 88. Il dit cela sans doute pour exciter

36.0 1009.0 2094.0 166.0 Pepin à descendre. Plus tard encore (Ibid p

56.0 1106.0 2034.0 172.0 113) il parle d'attaques que les nefandissimi

83.0 1204.0 2467.0 182.0 Graeci préparent contre Ravenne). Il oppose

44.0 1294.0 2047.0 206.0 à ces hérétiques le vere orthodoxus Pepin (p.

58.0 1390.0 2491.0 186.0 116) Il lui dit "post Deum in vestra excellen¬

38.0 1514.0 2080.0 191.0 tia et fortissimi regni vestri brachio exis¬

49.0 1612.0 2120.0 168.0 tit fiducia (Ibid). Et plus loin "Salvum fac

49.0 1714.0 2081.0 144.0 Domine Christianissimum Peppinum regem

45.0 1833.0 2006.0 139.0 quem oleo sancto per manus apostoli

47.0 1931.0 2070.0 168.0 tui ungui praecepisti et exaudi eum in

30.0 2002.0 2123.0 194.0 quacumque die invocaverit te (Ibid. 117).

40.0 2114.0 2171.0 182.0 Il sait que l'empereur continue à agir auprès

37.0 2226.0 2089.0 145.0 de Pepin <... 7..> En 762 des ambassadeurs

16.0 2319.0 2119.0 151.0 de Pepin et du pape etaient allés à Constanti¬

50.0 2403.0 2043.0 153.0 nople. Vers 765 l Emp. envoye à Pepin le

41.0 2513.0 2023.0 152.0 spathaire Anthi et l'eunuque Sinésius pr

36.0 2615.0 2038.0 150.0 traiter de la question des images et des fi¬

24.0 2690.0 2038.0 158.0 ançailles de Gisla fille de Pepin avec le fils de

52.0 2791.0 2039.0 159.0 l Empereur (Oelsner p. 396-397). Mais Pepin

30.0 2898.0 2016.0 136.0 reste inébranlable et en tout n'agit que

25.0 2974.0 1058.0 153.0 d'accord avec le pape.

30.0 3055.0 2042.0 188.0 Quant aux difficultés du pape avec Didier il

17.0 3184.0 2050.0 179.0 les a arrangés en 763 par un accord par le¬

6.0 3262.0 2085.0 171.0 quel le pape renonce à ses revendications ter¬

0.0 3362.0 2066.0 169.0 ritoriales comme à ses tentatives de protecto¬

32.0 3478.0 1926.0 151.0 rat sur Spolète et Bénévent (Gansh. 413).

24.0 3567.0 1985.0 184.0 En somme, grâce à lui, le pape s'est senti as¬

26.0 3682.0 2086.0 140.0 suré contre ses ennemis, sûr de l'orthodoxie,

20.0 3782.0 2030.0 142.0 mais à condition on l'a vu par les citations

21.0 3866.0 2039.0 170.0 de plus haut de s'en remettre absolument

21.0 3985.0 722.0 146.0 à sa protection.

21.0 4070.0 2098.0 190.0 <.. ......... .. ....., .......... .. ........>

15.0 4190.0 2077.0 175.0 de <.. ........ son ....... . Pepin ... ... ... ....>

5.0 4279.0 2077.0 195.0 <..... les ........ .. protection .. ........ romaine.>

35.0 4394.0 2038.0 195.0 Le règne de Charles devait amener à leur a¬

17.0 4499.0 2013.0 170.0 boutissement les initiatives de Pepin. Son père

9.0 4591.0 1981.0 183.0 lui léguait sa politique italienne, c a d. sa

12.0 4704.0 2178.0 185.0 politique lombarde et sa politique romaine.

16.0 4772.0 2111.0 208.0 Il montait sur le trône avec le titre de pa¬

2085.0 2490.0 1852.0 202.0 Il y eut encore une grde discussion sur les

2230.0 2590.0 1740.0 207.0 images en 767 à Gentilly, Mühlba¬

2238.0 2769.0 398.0 113.0 cher p. 47.

2162.0 3409.0 1734.0 175.0 Insister ici sur la puissance de

2158.0 3536.0 1660.0 154.0 Charles. Le pape n'est plus de force.

2159.0 3612.0 1819.0 195.0 Dès 772 donc avant la descente en Italie,

2149.0 3730.0 1613.0 177.0 Charles a ouvert la guerre de Saxe.
