4090 5032
3708.0 188.0 306.0 248.0 12

146.0 33.0 1968.0 138.0 exercé le gouvernement. S il ne l'a pas

121.0 134.0 2114.0 134.0 fait c'est parce qu il a vu que les Goths etaient

117.0 234.0 2106.0 130.0 incapables d'obeir aux lois, ce qui veut dire

109.0 352.0 2068.0 113.0 inclusivement aux lois romaines. Mainte¬

117.0 431.0 2072.0 143.0 nant, il Veut remettre la force de son peuple au

109.0 549.0 956.0 121.0 service de l'Empire

138.0 666.0 2043.0 143.0 C est une avance à Honorius qui ne l'é¬

117.0 784.0 2026.0 121.0 coute pas. Alors Athaulf refait Attale empe¬

125.0 872.0 2056.0 109.0 reur pour refaire l'Empire avec lui ? Le mal

113.0 1081.0 2156.0 109.0 l Empire Car il meurt de faim, Honorius ayant

134.0 1157.0 2017.0 138.0 fait bloquer la côte. Il passe en Espagne se

125.0 1274.0 2157.0 134.0 dirigeant peut-être vers l'Afrique et il y meurt

117.0 1371.0 2123.0 130.0 assassiné en 415 par un des siens, recomman¬

113.0 1450.0 2143.0 151.0 dant à son frère Wallia de rester fidèle à Rome.

192.0 1601.0 1972.0 122.0 Affamé lui aussi en Espagne par le blocus

109.0 1689.0 2021.0 143.0 des ports, Wallia veut passer en Afrique mais

96.0 1790.0 1988.0 143.0 est rejeté par une tempête. Il combat alors

92.0 1882.0 1992.0 139.0 les Vandales, Alains et Suève qui sont entrés

100.0 1979.0 1989.0 180.0 en Espagne et finalement en 418 ou 419 l'Empereur

1082.0 2082.0 283.0 102.0 seconde

109.0 2109.0 1992.0 126.0 l etablit en Aquitaine lui reconnaissant

109.0 2209.0 2282.0 143.0 cet eternel titre de fédéré. Et il l'a écarté de la mer.

100.0 2327.0 1712.0 142.0 Mais cette fois il y a donation de terres.

146.0 2444.0 2018.0 143.0 Pours la première fois on a trouvé le système

109.0 2562.0 2030.0 142.0 ingénieux de considérer en fait les Goths comme

100.0 2666.0 2123.0 135.0 une armée romaine et on leur applique les rè¬

109.0 2763.0 2021.0 159.0 gles du logement militaire, mais à titre

100.0 2855.0 2072.0 168.0 permanent. Les voilà donc fixés au sol et é¬

92.0 2989.0 2106.0 151.0 parpillés au milieu des Romains. Leur roi ne rè¬

96.0 3086.0 2039.0 163.0 gne pas sur les Romains. Il n'est que roi de

83.0 3191.0 2131.0 184.0 son peuple, rex Gothorum, en même temps qu'il

83.0 3312.0 2148.0 164.0 est leus général. Il n'est pas rex Aquitaniae.

96.0 3413.0 2060.0 180.0 Les Goths sont campés au milieu des Romains

88.0 3539.0 2030.0 167.0 et réunis entre eux par l identité du Roi.

83.0 3677.0 2022.0 143.0 Au dessus l'empereur subsiste. Le fait en

75.0 3769.0 2018.0 168.0 lui même n'a pas dû paraître fort surpre¬

79.0 3916.0 327.0 126.0 nant.

79.0 3992.0 2026.0 205.0 En 417 Rutilius Namatianus vante encore

75.0 4147.0 965.0 159.0 l'éternité de Rome.

159.0 4268.0 1921.0 139.0 Pourtant tout l'Occident est comme un

88.0 4377.0 2038.0 164.0 bâteau qui sombre. Mais son capitaine ne dé¬

83.0 4512.0 1871.0 138.0 sespère pas il met aux poupes l'équipage.

474.0 4595.0 302.0 84.0 les Huns

83.0 4621.0 2094.0 146.0 En 406, avançant toujours a poussé de¬

75.0 4717.0 2139.0 147.0 vant lui au dela du Rhin cette fois comme trente

75.0 4843.0 2047.0 121.0 ans plus tot au delà du Danube des Vandales,

134.0 968.0 2148.0 130.0 heureux est cependant forcé de continuer à razzier

2223.0 670.0 1774.0 126.0 Certainement Honorius ne veut pas traiter

2193.0 771.0 1779.0 122.0 avec un germain qui est à Narbonne. Tou¬

2328.0 821.0 1669.0 160.0 jours la marque tente le barbare et qui

2357.0 897.0 1653.0 180.0 détermine le Romain à ne pas l'entendre.

2214.0 1505.0 1448.0 197.0 <. .. .... .... .... .....>

2529.0 1576.0 1477.0 281.0 D'après ce texte ils recoivent des tercia et de

2219.0 1878.0 1665.0 227.0 pour le compte de l'empereur qui lui envoye

2223.0 1983.0 1241.0 180.0 600000 modii de blé (Stein, 404)

2403.0 2197.0 1586.0 126.0 Il est entre Loire e Garonne dans un

2575.0 2285.0 1443.0 134.0 Coin sans danger au bord d l'At¬

2546.0 2386.0 574.0 146.0 lantique.

2277.0 2524.0 1469.0 176.0 Sur le règlement du partage Stein, 406.

2231.0 2658.0 1301.0 227.0 pas encore alors je crois Voy. Brunner I, 67

2361.0 2767.0 1645.0 206.0 remarquer qu'au début ou cantonne les

2361.0 2851.0 1628.0 210.0 fédérés dans de mauvaises provinces :

2391.0 2918.0 1644.0 197.0 les Wisigoths en Mésie et pl tard en Aquitaine 2e,

2365.0 3082.0 961.0 130.0 les Burgondes en Savoye

2365.0 3149.0 1120.0 151.0 les Ostrogoths en Pannonie.

2328.0 3216.0 1640.0 201.0 On comprend qu'ils aient voulu en sortir.

2227.0 3610.0 1791.0 247.0 Lot. Glotz p. 51 constate qu en 423 qd meurt Horâtius

2126.0 3736.0 1775.0 214.0 l'Empire a retabli la situat en Afrique, Italie Gaule,

2114.0 3929.0 356.0 130.0 Espagne

1174.0 3950.0 2777.0 289.0 Pourtant en 437 les Wisig. ont attaqué Narbonne et après une

2349.0 4046.0 1623.0 218.0 victoire sur les Romains à Toulouse

2286.0 4126.0 1724.0 261.0 en 439 obtiennent un traité qui probable¬

2261.0 4222.0 1757.0 197.0 ment les a reconnus c. indépendants et non

2261.0 4310.0 1690.0 222.0 pl fedérés et leurs cède une partie de la

2252.0 4432.0 1473.0 210.0 Novempopulanie (Stein, 482).
