4090 5080
3539.0 4.0 353.0 336.0 96

146.0 5.0 2058.0 155.0 quiert les bonnes grâces de Sigebert d'Aus¬

146.0 103.0 2079.0 139.0 trasie et d'autres grands personnages. A Poi¬

135.0 191.0 2024.0 175.0 tiers il fait la connaissance de Ste Radegonde

129.0 282.0 2018.0 176.0 qui venait d'y fonder le monastère de Ste

138.0 360.0 2024.0 198.0 Croix. Il y fut prêtre et mourut évêque d Poi¬

127.0 496.0 276.0 116.0 tiers.

127.0 566.0 2156.0 153.0 Ses poêmes sont surtout des panégyriques même

127.0 657.0 2006.0 155.0 de Chilpéric dont il loue le talent et de Frédé¬

127.0 753.0 2026.0 174.0 gonde (556) Il vante l'éloquence romaine de

138.0 843.0 2015.0 178.0 Caribert (556). Il vante le duc Lupus, un ro¬

132.0 937.0 2123.0 198.0 main, qui aime à attirer à la cour de son maî¬

127.0 1050.0 2026.0 192.0 tre ceux de ses compatriotes distingués par

127.0 1165.0 2097.0 155.0 leur erudition comme Andarchius sur le¬

135.0 1275.0 2100.0 197.0 quel Voy. Gregoire IV. 46. Il vante l'éloquence

132.0 1374.0 2092.0 181.0 de Gogo-Epithalame de Sigebert et d Bru¬

137.0 1481.0 1999.0 157.0 nehaut avec Cupidon, Vénus. Il parle d'une

138.0 1574.0 2041.0 156.0 barbare Vilihuta morte en couches à 17 ans. Elle

138.0 1676.0 2046.0 176.0 etait d' "origine barbare et c'est sa culture

138.0 1775.0 1973.0 151.0 qui avait fait d'elle une romaine" (562).

149.0 1871.0 2027.0 166.0 Il a fait aussi des hymnes religieuses p ex. Vexilla regis

127.0 1989.0 658.0 158.0 proderunt (561)

217.0 2099.0 1931.0 187.0 En passant aux Vandales, c'est la même

139.0 2218.0 2000.0 195.0 chose. Dracontius adresse au roi Gontha¬

145.0 2328.0 2070.0 195.0 mond (484-496) sa satisfactio. Il a été l'élève

160.0 2452.0 2030.0 167.0 du grammairien Felicianus. On y voit que

157.0 2562.0 2047.0 158.0 des Vandales eux mêmes assistaient en compa¬

143.0 2677.0 2043.0 195.0 gnie des Romains aux leçons des grammairiens

147.0 2771.0 2091.0 211.0 On voit que sa famille était restée en posses¬

158.0 2877.0 2071.0 176.0 sion de ses biens. Après avoir apris l grammaire

152.0 2980.0 2029.0 185.0 et l rhetorique il s etait Consacré à la car¬

159.0 3093.0 2011.0 185.0 rière juridique. Il fut ensuite persécuté par

160.0 3183.0 2002.0 198.0 Gonthamond, jeté en prison, ses biens confis¬

162.0 3277.0 2031.0 185.0 qués pour une piece de vers où il semble avoir

157.0 3386.0 1968.0 194.0 trop célébré l empereur au sentiment du

141.0 3510.0 411.0 192.0 roi (409)

173.0 3581.0 2017.0 209.0 C est encore sous Thrasamund (496-523) et

166.0 3705.0 1979.0 230.0 Hilderic (523-530) que se placent les poètes

172.0 3804.0 2069.0 251.0 d l'Anthologie, Florentinus , Flavius Felix, Luxu¬

162.0 3922.0 2107.0 201.0 riosus, Mavortius, Coronatus, Calbulus qui font

171.0 4052.0 2016.0 170.0 quoique chrétiens du pagano-antique (457).

167.0 4157.0 1986.0 201.0 On y parle de thermes magnifiques de Thrasamund

163.0 4263.0 1982.0 173.0 de monuments construits à Aliana (458) On y

171.0 4364.0 2095.0 191.0 parle du grammairien Faustus, ami de Luxurio¬

156.0 4477.0 1992.0 182.0 sus. Le christianisme se mêle dans ces poêmes à

164.0 4560.0 679.0 226.0 l'obscenité (460)

173.0 4685.0 2037.0 211.0 Un peu avant eux, il faut encore mentionner

187.0 4781.0 2167.0 235.0 Fulgence, grammairien de profession, qui exerça

2396.0 909.0 1614.0 231.0 Parthenius qui a étudie à Rome de¬

2413.0 999.0 1586.0 206.0 vient magis officiorum de Theode¬

2421.0 1083.0 1599.0 209.0 bert (+548) Greg III 36 dit qu'il fut

2382.0 1176.0 1612.0 218.0 lapidé p le peuple à cause des impôts. Il

2362.0 1272.0 1586.0 212.0 etait lié av. Arator. Hartmann I 190.

2207.0 2655.0 409.0 139.0 (409 n.1)

2283.0 3518.0 1736.0 173.0 Le comte Vandale Sigisteus, protecteur

2300.0 3598.0 1722.0 183.0 du poète Parthenius, est poète lui-m.

2472.0 3708.0 1338.0 197.0 Manitius Christl. P. p.402
