4090 5080
3493 47 353 217 106

115 16 2007 188 Michel Ie p. 397 signale plusieurs monu¬

114 141 2003 166 ments, pierres tombales, sarcophages etc qui

104 262 2010 147 sont evidemment, en Gaule, p. ex le sarcophage

121 349 1964 158 de Boetius évêque de Carpentras, de l'art pu¬

118 474 703 155 rement syrien.

127 541 1975 181 La Perse a même fourni quelque chose, Si¬

124 666 2018 186 doine (+ 488) parle des tapis persans qui é¬

119 767 2053 175 taient en usage en Auvergne (Michel, 399)

130 887 2005 212 L'art copte de l'Egypte a été plus agissant,

119 976 2040 197 surtout par les ivoires d'Alexandrie, ainsi

115 1083 2001 183 que par des étoffes comme celle dont parle

116 1176 2020 222 Perdrizet. Il faut remarquer que déja lors¬

118 1287 2018 208 que S. Honorat en 410 fonda le monastère

132 1413 1914 178 de Lérins, plusieurs religieux égyptiens

124 1532 1640 192 vinrent s'y etablir (Michel, p. 399).

113 1636 1958 167 En somme l'art venu par la Mediterranée

113 1755 1992 176 tout Oriental, a rencontré celui des barbares,

115 1870 2058 170 oriental aussi, et il y a eu interpénétration sous

118 1946 1955 187 évidemment prédominance de celui du Sud

124 2065 1784 192 qui avait la technique la pl développée.

124 2166 1999 173 Et cette importation orientale est partout, en

128 2277 1960 206 Italie, en Afrique, en Espagne. Elle imprime à

136 2370 1984 184 tout l'Occident, exactement comme à l Orient

136 2503 1216 161 une empreinte byzantine

138 2590 1947 166 Le tombeau de Chilperic d après Babelon est une

129 2692 1939 175 œuvre d'artistes byzantins établis en Gaule

140 2777 2030 194 C'est à ceux que seraient dûs les objets les plus par¬

143 2874 2007 169 faits. Les plus grossiers seraient dûs à de mala¬

139 2973 927 163 droits élèves barbares.

162 3090 1991 172 Schmidt, Stämme p.193 admet que l art bar¬

154 3194 1957 190 bare de cette epoque est dû à des esclaves gallo-

139 3284 1980 192 Romains (l aurifex et le faber argentarius de

149 3389 1982 190 la Lex Burg) mais travaillant dans le goût

146 3491 2050 186 germanique, c'est à dire dons le goût oriental.

268 3609 1905 161 Même orientalisation dans tous les au¬

146 3714 1959 166 tres arts decoratifs en dehors de l'Orfèvrerie.

136 3805 1995 196 Les étoffes précieuses orientales abondent. On

137 3920 1999 215 a deja vu cela à propos des Syriens. Dagobert of¬

130 4016 2032 205 fre de splendides étoffes à S. Denys. Le pape A¬

145 4111 1986 238 drien (772-795) n'a pas donné, pendant son

150 4251 2023 229 règne, moins de 903 pièces d'etoffes aux basi¬

152 4360 1973 222 liques de Rome (Brehier 61). Ce sont des étoffes

152 4473 1956 194 de soie fabriquées à Constantinople ou ailleurs

151 4581 1954 207 sous l influence des modèles persans (Ibid. 62)

141 4695 1984 204 On en trouve encore divers spécimens ds les tré¬

151 4816 1440 196 sors d Eglise et par exemple à Sens.
