4090 5056
3651 25 278 206 31

134 42 1308 151 plus dans le bas Empire.

130 126 1919 152 Le roi nomme tous ses agents. Il y a à sa

134 231 2041 165 cour des gds germaniques et romains ceux¬

134 341 2007 156 ci beaucoup pl nombreux. Le 1er Ministre

126 425 2053 164 d Euric et d'Alaric II, Leo de Narbonne unit

126 539 2007 164 les fonctions de quaestor sacri palatii et de

151 640 2024 164 magister officiorum de la cour impériale

147 728 2028 165 Le roi n'a pas de truste guerrière, mais des

143 859 1990 139 domestici à la romaine Les duces des pro¬

143 935 2049 160 vinces, les comites des cités, sont surtout des Ro¬

147 1074 337 118 mains.

160 1137 2003 164 Ds les villes la curia subsiste avec un de

164 1280 1210 135 fensor ratifié par le roi.

160 1310 2007 219 Les Wisigoths se divisent en Thausendschaften,

156 1432 2049 211 funfhundertschaften, Hundertschaften, Zehnschaften

156 1525 1964 240 avec des chefs militaires sur les attributions

160 1622 2078 231 desquels on est très mal renseigné. Aussi long¬

177 1731 2024 249 temps qu'a duré le royaume de Toulouse il

160 1849 2024 232 ne semble pas que les Romains aient été

143 1967 2104 223 soumis au service militaire. La situation

160 2094 1986 198 est donc la même que chez les Ostrogoths.

160 2207 1977 203 Il semble que pendant un temps les Wisig.

177 2308 2002 194 ont eu ds le Millenarius un magistrat à

168 2431 1957 189 part comme les Ostrogoths. Mais déjà sous

172 2519 1995 207 Euric il sont soumis à la juridiction du

172 2624 2096 198 Comes qui juge à la romaine avec des Asses¬

181 2730 1952 215 sores legistes. Pas la plus petite trace de

177 2869 1969 181 germanisme dans l'Organisation du tri¬

185 3012 460 152 bunal.

189 3075 1986 202 Le code d'Euric promulgué en 479 pour les

189 3172 2071 240 rapports des Goths avec les Romains est rédi¬

202 3294 2041 215 gé par des juristes romains et tout roma¬

177 3450 253 122 nisé.

1572 3429 194 139 507

210 3501 1927 189 Quant au bréviaire d'Alaric, fait pour les

185 3602 1948 211 Romains, c'est du droit romain à peu près

181 3745 194 160 pur.

215 3796 1918 206 Il y a continuation d l'impôt romain et le

202 3926 1834 186 système monétaire est tout romain.

227 4027 1737 177 Les fonctionnaires du roi sont soldés.

244 4137 2024 198 L Eglise soumise au roi qui ratifie les évêques.

215 4272 2053 185 ll n'y a pas de vraie persécution contre les ca¬

198 4428 1298 143 tholiques, sauf par exception.

210 4520 2041 156 A mesure qu'on avance, la romanisation aug¬

198 4592 2062 202 mente. Leovigild (568-586) supprime les restes

202 4697 2083 207 d l jurid pr les Goths, autorise le mariage entre

2247 1373 523 160 Millenarius.

2331 1533 1699 223 Grotesqueries sur la persistance du Germa¬

2331 1643 1699 210 nisme Bloch Rev Hist. Mars Avril 1930

2327 1811 346 135 p.336.

2281 1870 1724 190 sur la romanisat extrêmnt rapide

2260 1992 1741 215 des Wisig. voy Gamillscheg, Romania

2272 2119 1704 210 Germanica l, p.297 et suiv et cf

2264 2287 809 198 plus loin p. 237
