4090 5056
3555.0 85.0 332.0 229.0 53

1626.0 452.0 795.0 171.0 Chapitre II.

367.0 686.0 3225.0 229.0 La situation économique et sociale après les invasions

1165.0 835.0 1964.0 184.0 et la navigation méditerranéenne

1960.0 1185.0 152.0 160.0 I

1061.0 1379.0 1568.0 163.0 Les Personnes et les terres.

129.0 1713.0 2031.0 184.0 Tel le régime des personnes et des terres

120.0 1845.0 2076.0 146.0 était avant les invasions, tel il est de¬

126.0 1974.0 1986.0 152.0 meuré après elle dans la Romania. Il y a

112.0 2091.0 2115.0 175.0 eu des pillages sans doute, des violences grad.

109.0 2204.0 2020.0 152.0 Le Carmen de providentia divina (Manitius

120.0 2318.0 2034.0 157.0 p. 172) écrit dans le Sud d la Gaule à l'arrivée

115.0 2418.0 2059.0 168.0 des Wisigoths d'Athaulf compare leurs ravages

104.0 2536.0 2120.0 166.0 à ceux d'une inondation de l'océan. Mais tout

117.0 2669.0 2206.0 139.0 ça se calme vite. Paulin de Palla (Ibid. 216-217)

125.0 2804.0 1950.0 124.0 que l'invasion a ruiné et qui s'est enfui

117.0 2912.0 1998.0 168.0 raconte qu'il fut sauvé par un Goth qui lui

117.0 3020.0 2057.0 156.0 acheta un petit bien qui lui restait auprès

112.0 3140.0 2017.0 137.0 de Marseille. On ne peut mieux illustrer

129.0 3258.0 2073.0 168.0 le fait de l'équilibre se substituant au pil¬

128.0 3369.0 2037.0 144.0 lage. Voila donc un bien abandonné dont

119.0 3485.0 1858.0 166.0 les envahisseurs ne s'emparent pas.

129.0 3614.0 2003.0 155.0 Dès l'hospitalitas, dès l'etablissement des

120.0 3726.0 2110.0 155.0 Germains la stabilité reparait. Comment

135.0 3849.0 2061.0 167.0 s est faite l'opération ? On peut supposer que

124.0 3963.0 2106.0 157.0 les Germains s'y sont fait la part belle. Mais

115.0 4044.0 2033.0 183.0 elle n'amena pas un bouleversement. Elle

106.0 4182.0 2124.0 163.0 n'entrainait aucun remaniement de terres.

108.0 4276.0 2091.0 170.0 n'introduisait aucun mode nouveau

98.0 4410.0 2053.0 143.0 de culture. Les colons romains restaient

126.0 4542.0 2087.0 137.0 fixés au sol où l'impôt les avait atta¬

129.0 4672.0 2112.0 131.0 chés. Au lieu de payer à un maître romain,

132.0 4781.0 1955.0 201.0 ils payaient à un Germain. Les esclaves
