4090 5056
3644.0 37.0 349.0 344.0 87

168.0 53.0 1958.0 161.0 On n'a pas de concession de la frappe de la

160.0 168.0 1963.0 135.0 monnaie à l'époque mérovingienne. (Cf

162.0 228.0 2006.0 205.0 Prou LX qui doute) Lesne Propr. Ecclés. T.

159.0 357.0 1970.0 151.0 I p. 272 me parait dire avec raison que

161.0 457.0 2010.0 155.0 les Eglises ont tout simplement frappé mon¬

168.0 533.0 2101.0 191.0 naie pour mobiliser leurs ressources." Le mon¬

168.0 644.0 1989.0 190.0 nayage ecclésiastique paraît être l'exercice

171.0 737.0 2006.0 188.0 moins d'un droit régalien que de la faculté

157.0 851.0 1997.0 189.0 laissée au clergé et aux moines de transfor¬

136.0 960.0 2007.0 203.0 mer leur épargne en valeurs d'echange et en

176.0 1072.0 1989.0 197.0 espèces liquides (p.273). Je me demandes'il ne

166.0 1176.0 2013.0 186.0 devait pas plutot expliquer cela par l'impôt.

247.0 1297.0 1991.0 226.0 Il semble qu'il y ait en un stock d'or vrai¬

165.0 1412.0 2051.0 172.0 ment considerable en Occident. Or il n'y a pas

166.0 1530.0 2016.0 158.0 là de mines d'Or et il faut compter pour bien peu

168.0 1617.0 2061.0 200.0 de choses ce qu'on tirait sans doute des sables au-

161.0 1707.0 2086.0 205.0 rifères. Et pourtant tout ce que nous connais¬

157.0 1820.0 2011.0 182.0 sons de la richesse métallique du roi et des

162.0 1926.0 2006.0 194.0 particuliers est extraordinaire. Parles d'é¬

177.0 2036.0 1952.0 171.0 conomie nature en présence de cela parait

174.0 2152.0 1334.0 128.0 une mauvaise plaisanterie.

172.0 2213.0 1943.0 188.0 Pour les textes relatifs à la richesse du roi et

184.0 2328.0 1950.0 175.0 des particuliers, on peut s'en référer au mau¬

168.0 2418.0 1935.0 218.0 vais travail de Glotz. Il aurait bien fait de

192.0 2511.0 1972.0 202.0 connaître Lesne I p. 200 qui lui en aurait

180.0 2654.0 1921.0 180.0 beaucoup appris sur l'étonnante richesse

169.0 2749.0 1971.0 203.0 des trésors d'Eglise. On a de choses surprenantes

167.0 2862.0 1962.0 206.0 par exemple que l'évêque Baudouin de Tours

163.0 2929.0 2018.0 211.0 distribue 20000 sous d'or aux pauvres. L'or

167.0 3019.0 2010.0 216.0 abonde dans les vêtements. Il abonde aussi

183.0 3115.0 2069.0 220.0 chez les particuliers, de là les confiscations conti¬

176.0 3312.0 585.0 128.0 nuelles du roi.

156.0 3320.0 2153.0 214.0 Son trésor alimenté en outre par l'impôt l est

177.0 3443.0 2028.0 208.0 aussi par les subsides considérables des empereurs

165.0 3536.0 2118.0 239.0 qui lui envoyent jusqu'à des 50000 sous d'Or.

202.0 3645.0 2014.0 247.0 C'est une formidable pompe aspirante. Mais

168.0 3752.0 2051.0 225.0 c'est aussi une pompe foulante car l'or du roi

169.0 3873.0 2019.0 216.0 ne stagne pas dans ses coffres. Il sert à cons¬

182.0 3986.0 1978.0 213.0 tituer d'opulentes dot à ses filles, à faire

187.0 4103.0 1928.0 222.0 des dons à ses fidèles, à donner dl'argent

162.0 4238.0 2034.0 198.0 aux pauvres, à en avancer a intérêt comme

162.0 4362.0 2020.0 205.0 à l'évêque de Verdun à assigner des rentes,

182.0 4477.0 2090.0 177.0 comme nous faisons d'un chèque sur compte

198.0 4582.0 2049.0 195.0 courant pour des ecclésiastiques nécessiteux,

184.0 4701.0 2029.0 219.0 à fournir d'argent S. Amand qui va évan¬

2429.0 1165.0 1582.0 200.0 Cf. les couronnes d'or de Guarra¬

2238.0 1255.0 1725.0 228.0 Zar près Tolède qui sont du VIIe siecle

2227.0 1345.0 1801.0 280.0 (Receswinth, Swintila). Elles prouvent dc

2261.0 1469.0 1699.0 240.0 à cette époque tardive la richesse du

2256.0 1665.0 690.0 143.0 trésor royal.

2247.0 2235.0 1739.0 144.0 Richesse de particuliers en Or et pierres pré¬

2264.0 2289.0 1727.0 177.0 cieuses Greg XI. 21 p. 434 Voy. surtout

2264.0 2370.0 1741.0 205.0 IX 9 p. 365 La femme du duc Rauching a un

2255.0 2513.0 1059.0 118.0 trésor valant celui du roi.

2224.0 2615.0 1742.0 185.0 Le trésor des Eglises servait en cas de besoin

2236.0 2699.0 1744.0 211.0 aux Ev. à faire de la monnaye. Voy un ex¬

2231.0 2789.0 1785.0 243.0 de Greg. VII 24 ou l Ev fait reduire en mon¬

2578.0 2879.0 1318.0 210.0 naie pr racheter sa ville d'un

2584.0 3002.0 1154.0 186.0 pillage un calicem aureum.
