4090 5080
3532 145 477 279 108

183 33 1979 172 les peintures de son église, car elles servent

174 149 1945 161 à l'instruction religieuse du peuple, Voir

159 242 1957 155 encore sur la peinture ds églises Greg. Tours

265 328 142 55 p<.>2

172 332 1976 190 II. <.7>. La Vita de Didier de Cahors nous apprend

172 457 1987 160 qu il en fait exécuter dans les Eglises qu'il cons¬

168 560 1032 144 truit (Poupardin p. 23)

205 643 1957 165 Il ne faut pas se représenter l epoque Ve-VIIe s.

174 730 2010 161 comme vide d'activité artistique. On construit

166 811 2010 176 partout. Il suffit de rappeler ici des monuments

167 905 2060 175 de premier ordre comme les Eglises d S. Vital de Ra¬

164 976 2108 209 venne. Le luxe byzantin se rencontre dans toutes

177 1089 2004 178 les constructions du temps. A Clermont l'évêque

168 1190 2036 192 construit une eglise avec revêtements de mar¬

175 1275 1919 195 bre, 42 fenêtres et 70 colonnes (II.16 p.82)

169 1383 1993 181 Fortunat decrit l'église S. Germain construite

135 1495 2013 205 en 537 avec ses Colonnes de marbre, fenêtres

165 1603 1957 196 vitrées, à qui la Vita Droctovei ajoute des mo¬

149 1698 1996 179 saïques, ds peintures et les plaques dorées du

164 1815 2034 172 toit (Antiquiorum 1929 p. 134) Hauck I. 208

152 1904 2128 192 relève le grd nombre de constructions d'églises.

160 2019 2089 159 Leontius de Bordeaux en construit 9. Sidoine

157 2113 1937 161 à la fin du Ve siecle, au milieu des invasions, se

152 2212 1993 190 plaignait que l'on entretint à peine les an¬

148 2294 2002 209 ciennes églises (Hauck 207). Mais les troubles

153 2381 2059 196 ayant cessé, on rattrappe le temps perdu. De tou¬

162 2504 2019 171 tes parts on restaure et on bâtit, ce qui indique

166 2595 2049 182 cependant un bon degré de prospérité. Nicetius

170 2709 2089 179 de Trèves, Villicus de Metz, Carentius de Cologne,

163 2819 2157 160 restaurent et embellissent des églises. Agericus

153 2891 2232 188 d Verdun s entend dire par Fortunat (Hauck 208)

331 3073 2383 220 Templa vetusta novas pretiosius et nova condis,

350 3197 1992 169 Cultior est Domini te famulante domus.

151 3300 1977 179 A Mayence, construction de S. Georges et d'un

161 3397 1950 189 baptistère, à Xanten, basilique d s. Molosse

156 3505 2151 186 Didier de Cahors (630-655) construit quantité

150 3607 1998 186 d eglises dans la cité et aux environs, ainsi

151 3722 2033 182 qu'un monastère. Ajoutons les constructions

180 3819 1986 174 de Agricola à Chalon (Greg V. 45) de Dalma¬

170 3934 2042 202 tius à Rutena (V. 46) Voy sur ces construct

156 4043 1656 189 et leur luxe Lesne I, p. 338 et suiv.

162 4149 2022 188 coup d'ouvriers (artifices) étaient ap¬

162 4251 1977 204 pelés d Italie (ex. de Lesne ). Nous savons que

156 4329 2023 217 Rufus de Martigny fait venir d'Italie des ar¬

153 4429 2170 210 tifices à Trèves à la demande de l'archevêque ?

154 4551 1965 214 Nicetius (+566). Il est assez probable que ces

160 4643 1728 202 constructeurs venaient de Milanais.

170 4766 1944 200 Mais il y avait aussi des architectes barbares

158 4870 2012 207 mentionnés par Fortunat II p.37. Ce texte s'ac¬

2238 183 1298 141 A Egara fragments de peinture

2193 279 1314 141 du VIe s. probablement influencées

2224 395 480 118 par l'Egypte.
