3960 5049
3315.0 67.0 445.0 289.0 140

86.0 1.0 1861.0 170.0 S il en est ainsi on aurait pu continuer à

85.0 107.0 1969.0 174.0 cette époque, en tous cas après 822 à s'appro¬

78.0 193.0 2007.0 181.0 visionner de papyrus au marché de Cambrai et

76.0 288.0 2076.0 195.0 dès lors dans toute la Gaule. Et cette conséquence

78.0 410.0 1937.0 155.0 forcée rendrait bien extraordinaire le fait

71.0 519.0 1923.0 140.0 que rien ne viendrait la confirmer. < Mais >

77.0 617.0 1916.0 157.0 < cette difficulté ...... et il serait bien extra >

62.0 711.0 1933.0 175.0 < ordinaire aussi qu'Adalard dans ses statuts >

70.0 814.0 1891.0 150.0 remonte sans doute possible à l'époque

74.0 904.0 678.0 182.0 mérovingienne.

59.0 1005.0 1981.0 172.0 Le texte consiste en effet essentiellement en

46.0 1106.0 1994.0 193.0 une longue liste des épices que les moines de

52.0 1190.0 2002.0 190.0 Corbie <..........> pouvaient acheter au marché

47.0 1315.0 2024.0 174.0 de Cambrai. Or il suffit de parcourir cette liste

52.0 1430.0 2036.0 169.0 pour y retrouver, augmentés de quelques au¬

40.0 1527.0 2017.0 189.0 tres tous les produits aient ceux de la charte

47.0 1644.0 1984.0 173.0 de 716. RiEn de plus simple à première vue, et

40.0 1760.0 1989.0 192.0 c est ce qu'on n'a pas manqué de faire, que

31.0 1854.0 2087.0 186.0 d expliquer cette concordance par la continuité

32.0 1959.0 1991.0 200.0 de l'importation. Mais c'est ce qui est mal¬

50.0 2079.0 2029.0 161.0 heureusement impossible. Dés lors le papyrus

42.0 2190.0 2096.0 175.0 tombe avec les épices et nous pouvons conclure

36.0 2303.0 2054.0 203.0 avec certitude qu il n'en pénétra plus depuis

41.0 2411.0 1976.0 177.0 probablement le milieu du VIIe s. Et il faut

46.0 2536.0 2013.0 163.0 observer encore pour l'impossibilité de dater

51.0 2635.0 1961.0 217.0 le texte d'après 822 que les statuta ne men¬

44.0 2762.0 1985.0 176.0 tionnent pas une seule épice. Il n'y est ques¬

46.0 2869.0 1935.0 214.0 tion (p. 368) que de pulmentaria, c. a. d. de

26.0 2998.0 1652.0 177.0 potages aux herbes (Voy. Ducange).

52.0 3115.0 1957.0 179.0 Les épices doivent en effet avoir disparu en m.

54.0 3221.0 2017.0 194.0 temps que le papyrus, puisqu'elles venaient par

33.0 3340.0 2057.0 173.0 les mêmes bateaux. Parcourons les capitulaires.

39.0 3450.0 2046.0 174.0 Seulement 2 ou 3 se retrouvent parmi les plantes

50.0 3570.0 1934.0 179.0 à cultiver ds les villae (Capit I. 90) : la garance

38.0 3677.0 1962.0 152.0 et le Cumin. On trouve les Amandalas (I, 91)

976.0 3692.0 147.0 56.0 aussi

30.0 3764.0 2181.0 182.0 mais plus de piper, de < Cariorfila > girofle (Cariofilo)

45.0 3882.0 2043.0 187.0 de nard (Spico), canelle (cmameum) dattes (dac¬

51.0 3989.0 1944.0 179.0 talus) des pistaches, pour ne parler que de ceux-

24.0 4093.0 145.0 136.0 là.

29.0 4229.0 2022.0 176.0 La tractoria Carol. Zeumer p. 292 <.> 7 men¬

43.0 4341.0 2050.0 200.0 tionne " panes, friscingas, porcellum, pul¬

24.0 4455.0 2005.0 224.0 los, ova, sal, herbola, ortolanas, lignia, for¬

28.0 4566.0 1950.0 230.0 maticas, legumina, pisces. Pas une épice

6.0 4680.0 428.0 189.0 là dedans.

2010.0 510.0 1812.0 123.0 mais cette difficulté n'existe pas. Le texte

2010.0 606.0 1829.0 132.0 en question ne fait pas corps aves les sta¬

2010.0 678.0 1834.0 149.0 tuts. C'est une addition postérieure et elle
