4090 5142
3326 5 453 214 110

1953 147 168 134 4

1066 242 1649 209 Caractère laïque de la société

137 517 2003 183 Le dernier fait sur lequel je viendrais in¬

121 629 2002 180 sister en finissant parce qu'on n'a guère

117 719 2032 197 attiré l'attention sur lui et parce qu'il a¬

131 828 1955 212 chève de montrer que la société d'après les

143 939 1943 211 invasions continue exactement celle d'avant,

142 1031 1993 254 c'est son caractère laïque. Si grand que soit

139 1179 1948 245 le respect que l'on professe pour l'Eglise et si

142 1294 2033 208 grande son influence, elle ne s'intègre pas dans

162 1402 2010 207 l'Etat. Le pouvoir politique, comme celui des em¬

145 1504 2050 207 pereurs est purement séculier. Aucune cérémo¬

143 1602 2017 206 nie religieuse – si ce n'est tout à la fin chez les

143 1711 1974 194 Wisigoths – à l'avènement des rois. Aucune for¬

139 1799 1958 217 mule de dévolution "gratia Dei" dans leurs

143 1882 1992 221 diplômes. Aucun ecclésiastique chargé de

143 1988 2023 211 fonctions à leur cour. Ils n'ont pour ministres

169 2113 1914 225 et pour fonctionnaires que des séculiers.

175 2217 1920 197 Ils sont chefs d l'Eglise, nomment les évêques,

165 2336 2024 205 convoquent des conciles, parfois même y pren¬

170 2442 2025 205 nent part. Il y a à cet égard entre eux et les gou¬

170 2553 1959 196 vernements postérieurs au VIIIe s. un contraste

183 2659 1929 206 complet. La scola qu'ils entretiennent à leur

168 2756 1998 216 cour ne ressemble en rien à l'école du palais

171 2882 2046 217 de Charlemagne. S'ils laissent l'Eglise se charger

162 2982 2030 209 volontairement de quantité de services publics,

163 3090 1972 205 ils ne lui en délèguent aucun. Ils ne lui re¬

169 3179 2030 189 connaissent d'autre juridiction que discipli¬

160 3296 1977 180 naire. Ils la soumettent à l'impôt. Ils la pro¬

157 3396 2060 197 tègent : ils ne s'y subordonnent pas. Et il faut re¬

179 3516 1984 210 marquer que l'Eglise, en Retour de leur protec¬

159 3619 1993 201 tion leur est particulièrement fidèle. Même

166 3739 1946 183 sous les rois Ariens on ne voit pas qu'elle se

163 3861 783 169 révolte contre eux.

182 3929 1987 213 Et s'il en est ainsi, c'est que la société elle mê¬

170 4056 2065 215 me n'est pas encore dépendante de l'Eglise pour

182 4170 2001 206 sa vie sociale et est encore capable de fournir

183 4290 1994 207 à l'Etat son personnel laïque. L'aristocra¬

179 4422 1578 180 tie sénatoriale on l'a vu plus haut,

185 4527 1984 175 formée dans les écoles de grammaire et de

181 4613 2051 195 rhétorique est la pépinière du haut personnel

197 4727 2069 183 gouvernemental. Il suffit de rappeler des hom¬

197 4842 1923 163 mes comme Cassiodore et comme Boëce. Et

210 4936 2085 196 après eux, malgré la décadence de la culture,

2300 2131 1731 180 On ne peut entrer dans le clergé sans

2300 2222 1558 197 l assentiment du roi ou du comte

2317 2365 746 160 Brunner II, 313.

2215 3069 1706 207 Pourtant il y a de concessions Vy. Br. II, 314
