<?xml version="1.0" encoding="UTF-8"?>
<alto xmlns:xsi="http://www.w3.org/2001/XMLSchema-instance"
      xmlns="http://www.loc.gov/standards/alto/ns-v4#"
      xsi:schemaLocation="http://www.loc.gov/standards/alto/ns-v4# http://www.loc.gov/standards/alto/v4/alto-4-2.xsd">
  <Description>
    <MeasurementUnit>pixel</MeasurementUnit>
    <sourceImageInformation>
      <fileName>Image00133.tif</fileName>
    </sourceImageInformation>
  </Description>
  <Tags>
    <OtherTag ID="BT1" LABEL="Title" DESCRIPTION="block type Title"/><OtherTag ID="BT2" LABEL="Main" DESCRIPTION="block type Main"/><OtherTag ID="BT3" LABEL="Commentary" DESCRIPTION="block type Commentary"/><OtherTag ID="BT4" LABEL="Illustration" DESCRIPTION="block type Illustration"/><OtherTag ID="BT138" LABEL="TitlePageZone" DESCRIPTION="block type TitlePageZone"/><OtherTag ID="BT139" LABEL="MainZone" DESCRIPTION="block type MainZone"/><OtherTag ID="BT140" LABEL="MarginTextZone" DESCRIPTION="block type MarginTextZone"/><OtherTag ID="BT141" LABEL="NumberingZone" DESCRIPTION="block type NumberingZone"/><OtherTag ID="BT142" LABEL="CustomZone:Numbering" DESCRIPTION="block type CustomZone:Numbering"/>
    <OtherTag ID="LT80" LABEL="DefaultLine" DESCRIPTION="line type DefaultLine"/><OtherTag ID="LT81" LABEL="InterlinearLine:correction" DESCRIPTION="line type InterlinearLine:correction"/><OtherTag ID="LT82" LABEL="InterlinearLine:addition" DESCRIPTION="line type InterlinearLine:addition"/><OtherTag ID="LT83" LABEL="HeadingLine" DESCRIPTION="line type HeadingLine"/>
  </Tags>
  <Layout>
    <Page WIDTH="3960"
          HEIGHT="5049"
          PHYSICAL_IMG_NR="131"
          ID="eSc_dummypage_">
      <PrintSpace HPOS="0"
                  VPOS="0"
                  WIDTH="3960"
                  HEIGHT="5049">
        <TextBlock HPOS="3278.0"
                   VPOS="70.0"
                   WIDTH="459.0"
                   HEIGHT="211.0"
                   ID="eSc_textblock_f2f78238"
                   TAGREFS="BT141">
          <Shape><Polygon POINTS="3281 75 3278 274 3645 281 3647 281 3737 240 3723 70"/></Shape>
          <TextLine ID="eSc_line_9e55fec5"
                    TAGREFS="LT80"
                    BASELINE="3308 144 3695 206" 
                    HPOS="3279.0"
                    VPOS="74.0"
                    WIDTH="436.0"
                    HEIGHT="229.0">
            <Shape><Polygon POINTS="3356 259 3401 251 3426 238 3446 255 3446 258 3449 258 3452 258 3454 260 3505 260 3505 258 3508 258 3567 238 3572 235 3575 238 3600 258 3603 258 3606 258 3609 258 3603 291 3612 303 3622 300 3668 254 3687 235 3706 206 3715 122 3604 105 3540 86 3484 74 3460 79 3445 81 3428 93 3404 89 3390 104 3317 113 3279 205"/></Shape>
	    <String CONTENT="129"
                    HPOS="3279.0"
                    VPOS="74.0"
                    WIDTH="436.0"
                    HEIGHT="229.0"></String>
          </TextLine>
        </TextBlock>
        <TextBlock HPOS="37.0"
                   VPOS="11.0"
                   WIDTH="2159.0"
                   HEIGHT="4939.0"
                   ID="eSc_textblock_cf05252e"
                   TAGREFS="BT139">
          <Shape><Polygon POINTS="102 11 37 4950 2170 4941 2080 2512 2094 1892 2174 1716 2050 1063 2124 984 2079 810 2135 713 2091 481 2194 459 2196 40 392 65"/></Shape>
          <TextLine ID="eSc_line_81651126"
                    TAGREFS="LT80"
                    BASELINE="112 103 244 129 440 140 1052 140 2082 115" 
                    HPOS="100.0"
                    VPOS="28.0"
                    WIDTH="1982.0"
                    HEIGHT="160.0">
            <Shape><Polygon POINTS="1821 56 1686 67 1655 56 1650 56 1622 56 1594 56 1566 56 1537 56 1535 56 1476 61 1473 61 1434 78 1403 89 1338 75 1279 64 1276 64 1274 64 1271 64 1257 75 1229 95 937 86 774 100 754 81 752 81 749 81 746 81 743 81 713 76 676 81 673 81 670 81 667 81 600 100 536 70 524 64 522 64 519 64 516 64 499 70 420 92 370 67 362 64 359 64 356 64 353 64 342 67 277 89 235 67 170 28 100 55 112 103 144 151 696 185 724 188 1049 176 1052 176 1055 176 1074 162 1128 176 1131 176 1133 176 1136 176 1189 157 1218 171 1220 171 1223 171 1226 171 1282 157 1321 171 1324 171 1327 173 1543 173 1543 171 1546 171 1610 145 1695 162 1697 162 1700 162 1773 145 1916 162 1919 162 2082 137 2082 115 2076 84 1956 67 1953 67 1950 67 1900 81 1897 81 1866 56 1846 56"/></Shape>
	    <String CONTENT="borné à la défensive en l&#x27;endroit en somme"
                    HPOS="100.0"
                    VPOS="28.0"
                    WIDTH="1982.0"
                    HEIGHT="160.0"></String>
          </TextLine>
          <TextLine ID="eSc_line_b1a0c532"
                    TAGREFS="LT80"
                    BASELINE="107 190 255 238 589 252 2161 215" 
                    HPOS="87.0"
                    VPOS="151.0"
                    WIDTH="2074.0"
                    HEIGHT="162.0">
            <Shape><Polygon POINTS="336 272 384 286 387 286 390 286 392 286 437 269 552 300 555 300 558 300 690 280 802 294 805 294 808 294 811 294 847 272 959 313 1007 291 1066 263 1150 283 1153 283 1156 283 1159 283 1178 266 1369 283 1372 283 1375 283 1378 283 1378 280 1403 260 1507 266 1509 266 1512 266 1552 249 1640 279 1751 277 2158 235 2161 215 2158 185 2065 157 2062 157 2059 157 2057 157 1995 185 1992 185 1967 171 1964 171 1961 171 1877 185 1843 190 1827 185 1770 165 1768 165 1602 165 1599 165 1596 165 1594 165 1571 187 1557 196 1456 187 1425 185 1422 185 1400 187 1299 201 1125 187 1072 185 1069 185 1066 185 1052 187 990 207 971 190 968 190 965 190 962 190 847 199 757 196 754 196 752 196 698 213 609 196 606 196 603 196 541 215 443 193 440 193 437 193 356 190 131 151 87 193 115 263"/></Shape>
	    <String CONTENT="le moins menacé de son empire. Il a recueilli"
                    HPOS="87.0"
                    VPOS="151.0"
                    WIDTH="2074.0"
                    HEIGHT="162.0"></String>
          </TextLine>
          <TextLine ID="eSc_line_f5220414"
                    TAGREFS="LT80"
                    BASELINE="115 316 263 347 550 359 2062 316" 
                    HPOS="112.0"
                    VPOS="263.0"
                    WIDTH="1950.0"
                    HEIGHT="159.0">
            <Shape><Polygon POINTS="196 361 219 389 240 378 279 378 289 406 291 406 294 406 297 409 336 422 353 406 356 406 398 387 440 403 443 403 446 403 487 412 544 401 547 401 547 398 566 381 606 398 609 398 611 398 822 395 900 378 957 389 959 389 962 389 1010 367 1192 387 1195 387 1375 356 1566 363 1624 359 1654 360 1690 367 1775 357 1933 359 1936 359 2062 339 2062 316 2047 266 1914 283 1911 283 1870 275 1846 280 1840 285 1828 292 1814 302 1781 301 1719 301 1633 288 1619 286 1560 263 1557 263 1554 263 1513 272 1486 283 1460 298 1438 306 1428 294 1394 286 1344 290 1312 286 1242 307 1187 309 1170 308 1133 302 1108 288 1080 274 1077 274 1074 274 1072 274 1069 274 1052 288 954 328 780 311 752 294 749 294 746 294 743 294 575 316 507 294 505 294 502 294 499 294 496 294 290 308 153 265 112 310 133 350"/></Shape>
	    <String CONTENT="les fugitifs et leur a donné des terres. Mais"
                    HPOS="112.0"
                    VPOS="263.0"
                    WIDTH="1950.0"
                    HEIGHT="159.0"></String>
          </TextLine>
          <TextLine ID="eSc_line_c9be9bb7"
                    TAGREFS="LT80"
                    BASELINE="101 409 232 448 328 460 875 457 2180 420" 
                    HPOS="101.0"
                    VPOS="359.0"
                    WIDTH="2104.0"
                    HEIGHT="151.0">
            <Shape><Polygon POINTS="216 485 266 510 269 510 272 510 275 510 373 482 378 482 381 482 474 502 477 502 847 499 850 499 914 479 942 471 957 479 990 496 993 496 996 496 1116 479 1153 474 1184 476 1240 485 1243 485 1299 476 1344 471 1375 476 1428 488 1431 488 1434 488 1436 488 1450 476 1473 460 1596 454 1639 474 1641 474 1644 474 1731 457 1756 474 1762 479 1765 479 1768 479 1770 479 1798 474 1929 455 2205 464 2198 413 2177 375 2127 359 2124 359 2121 359 2118 359 2051 375 1998 389 1939 378 1908 373 1905 373 1869 378 1781 380 1678 381 1602 370 1599 370 1596 370 1594 370 1569 370 1554 372 1518 387 1515 387 1512 387 1509 387 1507 387 1476 406 1201 409 1116 392 1114 392 1111 392 1055 412 937 389 898 384 895 384 869 402 738 420 710 406 707 406 704 406 580 423 477 417 443 427 404 404 364 428 292 426 133 363 101 409 106 450"/></Shape>
	    <String CONTENT="son expédition de 778 en somme a échoué puisqu il"
                    HPOS="101.0"
                    VPOS="359.0"
                    WIDTH="2104.0"
                    HEIGHT="151.0"></String>
          </TextLine>
          <TextLine ID="eSc_line_2a095a2b"
                    TAGREFS="LT80"
                    BASELINE="93 495 209 545 377 572 1041 555 2065 513" 
                    HPOS="76.0"
                    VPOS="465.0"
                    WIDTH="2000.0"
                    HEIGHT="154.0">
            <Shape><Polygon POINTS="283 583 339 605 342 605 345 605 468 585 592 594 594 594 597 594 600 594 658 588 768 597 771 597 881 580 973 594 1041 619 1119 577 1411 592 1436 586 1608 565 1622 549 2076 539 2065 513 2059 482 2012 465 1818 489 1737 485 1689 493 1658 485 1636 479 1633 479 1630 479 1627 479 1605 485 1574 496 1537 488 1526 485 1523 485 1521 485 1448 488 1156 504 1111 493 1094 488 1091 488 1088 488 1044 515 999 507 873 516 834 507 811 512 763 527 732 533 698 535 658 524 625 522 582 524 563 529 496 527 405 521 300 525 165 487 91 466 76 524 210 589"/></Shape>
	    <String CONTENT="n a pu prendre Sarragosse et que son arrière-"
                    HPOS="76.0"
                    VPOS="465.0"
                    WIDTH="2000.0"
                    HEIGHT="154.0"></String>
          </TextLine>
          <TextLine ID="eSc_line_6db957d8"
                    TAGREFS="LT80"
                    BASELINE="126 608 286 653 420 655 1088 645 2060 611" 
                    HPOS="101.0"
                    VPOS="561.0"
                    WIDTH="1967.0"
                    HEIGHT="157.0">
            <Shape><Polygon POINTS="113 661 289 673 294 673 424 718 449 698 451 698 454 698 488 673 662 681 665 681 667 681 698 667 749 687 752 687 754 687 853 670 872 687 875 687 878 687 881 687 1021 670 1189 693 1218 678 1220 678 1282 659 1335 673 1338 673 1341 673 1344 673 1397 656 1613 670 1640 666 1765 639 1770 636 2061 636 2068 593 2006 567 1952 585 1731 598 1691 589 1673 594 1644 605 1634 626 1638 658 1611 666 1604 632 1554 604 1191 592 1103 591 1083 603 1058 622 1025 623 986 605 931 609 922 606 903 608 783 608 757 594 754 594 752 594 749 594 510 611 477 597 474 597 471 597 333 619 203 592 141 561 117 581 101 623"/></Shape>
	    <String CONTENT="garde a ete massacrée à Roncevaux. Du moins"
                    HPOS="101.0"
                    VPOS="561.0"
                    WIDTH="1967.0"
                    HEIGHT="157.0"></String>
          </TextLine>
          <TextLine ID="eSc_line_2fe6d2d0"
                    TAGREFS="LT80"
                    BASELINE="138 700 319 765 1052 746 2092 718" 
                    HPOS="118.0"
                    VPOS="661.0"
                    WIDTH="1989.0"
                    HEIGHT="143.0">
            <Shape><Polygon POINTS="183 748 363 804 398 796 491 779 853 785 855 785 858 785 861 785 886 768 909 785 912 785 914 785 996 790 1133 768 1349 776 1352 776 1355 776 1358 776 1380 760 1526 771 1529 771 1728 748 1745 748 1754 748 1821 774 1838 765 1841 765 1843 765 1874 746 1877 746 1891 746 2076 757 2079 757 2082 757 2107 737 2107 718 2084 699 2059 676 2031 661 2029 661 2026 661 2023 661 2020 661 1992 681 1827 670 1824 670 1737 687 1659 675 1644 670 1619 682 1585 692 1573 702 1554 705 1545 707 1484 692 1372 673 1358 673 1355 673 1352 673 1349 673 1349 676 1330 692 1117 718 889 695 836 684 833 684 830 684 827 684 827 687 794 706 743 687 740 687 738 687 735 687 732 687 729 687 698 709 611 695 609 695 606 695 603 695 457 732 325 715 145 662 118 725"/></Shape>
	    <String CONTENT="en 801 parvient-il à prendre Barcelone par son"
                    HPOS="118.0"
                    VPOS="661.0"
                    WIDTH="1989.0"
                    HEIGHT="143.0"></String>
          </TextLine>
          <TextLine ID="eSc_line_7e35319a"
                    TAGREFS="LT80"
                    BASELINE="124 794 329 846 670 848 2048 805" 
                    HPOS="98.0"
                    VPOS="742.0"
                    WIDTH="1950.0"
                    HEIGHT="172.0">
            <Shape><Polygon POINTS="112 844 275 858 286 858 424 883 483 853 484 882 738 877 740 877 743 877 746 877 777 855 816 875 819 875 822 875 825 875 881 855 914 872 917 872 986 869 1001 914 1052 875 1114 855 1223 872 1226 872 1229 872 1232 872 1271 847 1330 872 1333 872 1335 875 1335 872 1338 872 1400 847 1512 863 1515 863 1622 847 1689 866 1692 866 1695 866 1716 877 1784 847 2020 842 2048 805 2043 762 1998 763 1967 748 1964 748 1936 762 1925 768 1908 762 1891 762 1866 762 1851 777 1838 782 1822 791 1796 790 1755 790 1661 782 1580 765 1577 765 1574 765 1571 765 1509 785 1456 768 1453 768 1450 768 1448 768 1414 785 1223 776 1220 776 1153 791 974 802 954 794 899 806 886 809 869 811 855 813 757 776 754 776 752 776 749 776 724 796 603 793 579 796 538 833 507 847 485 851 453 805 414 816 338 816 307 793 197 778 188 746 158 742 98 774 101 819"/></Shape>
	    <String CONTENT="fils Louis. Mais en 809 une nouvelle expédit."
                    HPOS="98.0"
                    VPOS="742.0"
                    WIDTH="1950.0"
                    HEIGHT="172.0"></String>
          </TextLine>
          <TextLine ID="eSc_line_e6f3bcf4"
                    TAGREFS="LT80"
                    BASELINE="109 886 345 956 596 950 2065 906" 
                    HPOS="86.0"
                    VPOS="847.0"
                    WIDTH="1979.0"
                    HEIGHT="140.0">
            <Shape><Polygon POINTS="120 937 345 973 348 973 350 973 353 973 380 978 424 982 485 987 522 979 578 976 580 976 583 976 1414 950 1610 945 1641 948 1692 956 1695 956 1776 948 1914 934 2062 945 2065 906 2057 863 1995 869 1978 863 1939 847 1936 847 1933 847 1930 847 1894 854 1866 869 1843 863 1815 866 1784 861 1760 878 1719 885 1661 877 1599 866 1543 855 1540 855 1537 855 1535 855 1535 858 1523 866 1507 883 1375 883 1330 866 1310 861 1307 861 1305 861 1302 861 1288 869 1250 870 1154 897 1092 891 1066 903 1002 915 993 911 990 895 976 888 937 889 878 872 864 866 861 866 858 866 855 866 853 866 850 872 822 891 735 880 462 922 290 894 124 851 86 891"/></Shape>
	    <String CONTENT="de celui-ci contre Tortose échoue. Nouvel échec"
                    HPOS="86.0"
                    VPOS="847.0"
                    WIDTH="1979.0"
                    HEIGHT="140.0"></String>
          </TextLine>
          <TextLine ID="eSc_line_9725c0de"
                    TAGREFS="LT80"
                    BASELINE="109 992 446 1044 673 1029 2126 998" 
                    HPOS="109.0"
                    VPOS="940.0"
                    WIDTH="1995.0"
                    HEIGHT="134.0">
            <Shape><Polygon POINTS="398 1074 609 1071 738 1054 987 1060 990 1060 993 1060 1021 1046 1041 1060 1044 1060 1046 1060 1049 1060 1164 1046 1195 1054 1234 1035 1568 1049 1571 1049 1726 1021 1748 1018 1756 1021 1804 1040 1807 1040 1810 1040 2102 1012 2104 987 2096 953 1964 953 1961 953 1928 940 1902 956 1834 954 1793 956 1756 964 1710 976 1684 971 1658 984 1622 965 1586 980 1568 985 1548 981 1527 984 1510 974 1497 968 1450 970 1396 971 1327 973 1287 971 1240 971 1214 967 1195 968 1174 977 1130 993 1118 990 945 969 921 969 881 976 839 987 809 998 774 995 726 987 657 985 629 988 587 993 566 992 550 990 530 988 500 1004 479 1007 460 1007 432 995 413 995 386 986 358 989 336 993 225 981 200 953 160 945 109 967 112 1034"/></Shape>
	    <String CONTENT="dans la 2e tentative contre cette place du Mis¬"
                    HPOS="109.0"
                    VPOS="940.0"
                    WIDTH="1995.0"
                    HEIGHT="134.0"></String>
          </TextLine>
          <TextLine ID="eSc_line_7b5f2f68"
                    TAGREFS="LT80"
                    BASELINE="107 1076 263 1133 408 1149 2029 1099" 
                    HPOS="96.0"
                    VPOS="1041.0"
                    WIDTH="1933.0"
                    HEIGHT="158.0">
            <Shape><Polygon POINTS="275 1155 314 1178 317 1178 319 1178 322 1180 368 1199 398 1178 594 1166 597 1166 600 1166 623 1150 651 1172 653 1172 656 1172 659 1172 760 1152 850 1169 853 1169 855 1169 920 1166 944 1160 966 1151 1018 1164 1021 1164 1024 1166 1131 1166 1131 1164 1133 1164 1220 1136 1232 1133 1243 1136 1282 1150 1285 1150 1328 1133 1557 1137 1588 1130 1608 1130 1860 1150 1863 1150 1866 1150 1944 1127 1992 1147 1995 1147 1998 1147 2001 1147 2003 1147 2029 1124 2029 1099 2012 1083 1827 1068 1772 1077 1639 1087 1608 1084 1593 1089 1576 1071 1567 1068 1550 1069 1543 1077 1532 1089 1507 1091 1436 1077 1279 1077 1257 1065 1234 1054 1232 1054 1147 1051 1145 1051 1142 1051 1114 1065 1087 1079 1058 1065 1031 1065 1027 1051 1024 1051 1021 1051 1018 1051 999 1065 973 1082 830 1065 794 1063 791 1063 788 1063 785 1063 783 1065 757 1085 676 1074 673 1074 670 1074 642 1088 617 1068 614 1068 611 1068 609 1068 606 1068 547 1091 493 1074 491 1074 488 1074 390 1093 336 1065 333 1065 222 1064 191 1048 130 1041 96 1081 119 1114"/></Shape>
	    <String CONTENT="sus Ingobert en 810. En 811 nouvel essai par"
                    HPOS="96.0"
                    VPOS="1041.0"
                    WIDTH="1933.0"
                    HEIGHT="158.0"></String>
          </TextLine>
          <TextLine ID="eSc_line_df5817b0"
                    TAGREFS="LT80"
                    BASELINE="88 1152 169 1200 309 1237 534 1247 1999 1195" 
                    HPOS="80.0"
                    VPOS="1126.0"
                    WIDTH="1931.0"
                    HEIGHT="186.0">
            <Shape><Polygon POINTS="232 1248 235 1248 272 1281 275 1281 277 1281 329 1312 395 1267 451 1279 454 1279 457 1279 460 1279 499 1253 533 1276 536 1276 538 1276 541 1276 625 1259 738 1284 760 1276 763 1276 766 1276 811 1248 822 1242 847 1248 934 1276 937 1276 940 1276 942 1276 972 1270 1001 1248 1021 1248 1136 1262 1139 1262 1142 1262 1167 1248 1187 1239 1209 1248 1363 1249 1432 1269 1541 1242 2011 1217 1983 1144 1767 1167 1559 1143 1534 1163 1519 1198 1335 1204 1296 1158 1161 1172 1139 1186 866 1178 805 1169 780 1161 777 1161 774 1161 771 1161 768 1161 760 1169 738 1186 648 1180 634 1166 631 1166 628 1166 625 1166 623 1169 589 1189 474 1187 391 1209 333 1203 306 1189 270 1169 221 1172 165 1132 102 1126 80 1151 122 1220"/></Shape>
	    <String CONTENT="Louis qui cette fois prend &lt;..........&gt; mais"
                    HPOS="80.0"
                    VPOS="1126.0"
                    WIDTH="1931.0"
                    HEIGHT="186.0"></String>
          </TextLine>
          <TextLine ID="eSc_line_8371f6ba"
                    TAGREFS="LT81"
                    BASELINE="1326 1167 1523 1166" 
                    HPOS="1325.0"
                    VPOS="1133.0"
                    WIDTH="210.0"
                    HEIGHT="63.0">
            <Shape><Polygon POINTS="1508 1196 1524 1184 1535 1149 1527 1142 1328 1133 1325 1191"/></Shape>
	    <String CONTENT="Tortose"
                    HPOS="1325.0"
                    VPOS="1133.0"
                    WIDTH="210.0"
                    HEIGHT="63.0"></String>
          </TextLine>
          <TextLine ID="eSc_line_2e8fd0ec"
                    TAGREFS="LT80"
                    BASELINE="100 1275 235 1332 409 1354 1220 1335 2096 1298" 
                    HPOS="89.0"
                    VPOS="1237.0"
                    WIDTH="2007.0"
                    HEIGHT="182.0">
            <Shape><Polygon POINTS="213 1360 275 1382 277 1382 280 1382 283 1382 356 1357 449 1385 451 1385 454 1385 634 1366 742 1371 788 1419 940 1360 1024 1377 1027 1377 1108 1363 1203 1374 1206 1374 1686 1337 1765 1363 1768 1363 1770 1363 1773 1363 1776 1363 1824 1332 1827 1329 2096 1326 2096 1298 2090 1245 2051 1237 2048 1237 2045 1237 2026 1245 1972 1270 1897 1248 1888 1245 1885 1245 1883 1245 1880 1245 1877 1245 1874 1248 1832 1273 1796 1265 1793 1265 1790 1265 1772 1251 1711 1281 1616 1276 1591 1253 1588 1253 1585 1253 1582 1253 1555 1250 1512 1281 1435 1282 1389 1274 1367 1271 1341 1273 1326 1271 1310 1273 1286 1290 1258 1292 1262 1265 1250 1256 1217 1256 1173 1293 1156 1293 920 1298 875 1298 825 1265 822 1262 819 1262 816 1262 813 1262 772 1288 623 1301 502 1301 437 1276 435 1276 432 1276 401 1304 340 1310 314 1312 288 1304 263 1299 242 1298 238 1289 220 1284 187 1258 106 1244 89 1289 117 1333"/></Shape>
	    <String CONTENT="echoue devant Huesca. En 812 échec également"
                    HPOS="89.0"
                    VPOS="1237.0"
                    WIDTH="2007.0"
                    HEIGHT="182.0"></String>
          </TextLine>
          <TextLine ID="eSc_line_14b0ffc6"
                    TAGREFS="LT80"
                    BASELINE="103 1379 344 1464 528 1460 2121 1424" 
                    HPOS="79.0"
                    VPOS="1337.0"
                    WIDTH="2042.0"
                    HEIGHT="167.0">
            <Shape><Polygon POINTS="281 1483 630 1504 695 1483 883 1484 1013 1498 1044 1486 1046 1486 1049 1486 1080 1467 1133 1478 1136 1478 1223 1464 1243 1461 1271 1464 1390 1473 1428 1501 1465 1481 1507 1461 1512 1458 1554 1461 1765 1472 1768 1472 1770 1472 1773 1472 1790 1458 1826 1465 1846 1450 1869 1455 1922 1475 1925 1475 1928 1475 1947 1480 1987 1455 2012 1447 2116 1452 2121 1424 2116 1391 1930 1366 1928 1366 1908 1358 1835 1388 1768 1368 1765 1368 1762 1368 1759 1368 1711 1391 1703 1394 1695 1391 1650 1371 1647 1371 1644 1371 1555 1377 1526 1369 1493 1372 1434 1374 1431 1374 1428 1374 1425 1374 1406 1391 1394 1399 1256 1393 1024 1402 990 1391 971 1385 968 1385 965 1385 962 1385 940 1391 865 1423 780 1425 735 1391 732 1391 729 1391 726 1391 724 1391 721 1391 696 1410 589 1410 566 1394 564 1394 561 1394 558 1394 387 1413 350 1391 348 1391 345 1391 342 1391 242 1393 154 1342 102 1337 79 1415 201 1450"/></Shape>
	    <String CONTENT="devant cette place du missus Héribert. En ré¬"
                    HPOS="79.0"
                    VPOS="1337.0"
                    WIDTH="2042.0"
                    HEIGHT="167.0"></String>
          </TextLine>
          <TextLine ID="eSc_line_13ff3cd5"
                    TAGREFS="LT80"
                    BASELINE="117 1491 238 1545 413 1562 2071 1528" 
                    HPOS="97.0"
                    VPOS="1452.0"
                    WIDTH="1974.0"
                    HEIGHT="141.0">
            <Shape><Polygon POINTS="280 1589 309 1590 342 1584 345 1584 348 1584 510 1593 513 1593 620 1579 735 1587 738 1587 740 1587 791 1570 940 1584 942 1584 945 1584 948 1584 976 1567 1080 1579 1111 1584 1114 1584 1170 1562 1175 1562 1305 1570 1307 1570 1310 1570 1313 1570 1324 1559 1333 1553 1358 1559 1436 1579 1439 1579 1442 1579 1512 1559 1515 1559 1521 1559 1678 1576 1681 1576 1683 1576 1748 1556 1784 1548 1860 1556 1984 1570 1987 1570 2068 1553 2071 1528 2053 1460 2027 1458 1962 1501 1911 1478 1860 1476 1792 1486 1641 1497 1599 1472 1596 1472 1594 1472 1591 1472 1588 1472 1585 1472 1546 1497 1429 1511 1407 1503 1390 1489 1273 1483 1147 1481 1145 1481 1142 1481 1139 1481 1102 1506 1059 1503 975 1512 906 1495 903 1495 903 1497 889 1511 709 1492 611 1514 561 1492 558 1492 555 1492 552 1492 550 1492 524 1514 465 1514 345 1483 342 1483 339 1483 336 1483 333 1483 295 1497 249 1486 206 1455 145 1452 97 1487 106 1565"/></Shape>
	    <String CONTENT="alité, Charles ici a eu à faire à forte partie. E¬"
                    HPOS="97.0"
                    VPOS="1452.0"
                    WIDTH="1974.0"
                    HEIGHT="141.0"></String>
          </TextLine>
          <TextLine ID="eSc_line_476a3d5c"
                    TAGREFS="LT80"
                    BASELINE="107 1623 393 1683 707 1660 2118 1612" 
                    HPOS="81.0"
                    VPOS="1567.0"
                    WIDTH="2037.0"
                    HEIGHT="169.0">
            <Shape><Polygon POINTS="100 1673 135 1662 398 1716 576 1713 644 1736 744 1686 857 1713 898 1697 987 1666 1198 1677 1201 1677 1203 1677 1257 1652 1260 1652 1262 1652 1273 1674 1276 1696 1286 1714 1341 1671 1406 1652 1462 1668 1465 1668 1467 1668 1650 1649 1759 1674 1762 1674 1765 1674 1810 1652 1958 1657 2054 1652 2116 1629 2118 1612 2108 1584 2095 1570 2086 1576 2077 1571 2052 1576 2039 1584 2023 1582 1998 1587 1984 1579 1960 1567 1934 1580 1923 1585 1907 1593 1877 1587 1717 1590 1526 1570 1468 1576 1458 1588 1423 1607 1416 1609 1407 1602 1303 1587 1192 1576 1164 1576 1161 1576 1159 1576 1156 1576 1144 1596 1093 1608 1060 1582 1058 1582 1055 1582 1052 1582 1049 1582 1010 1607 954 1584 951 1584 948 1584 945 1584 895 1610 564 1604 561 1604 558 1604 555 1604 536 1621 491 1621 451 1593 449 1593 446 1593 443 1593 396 1628 364 1623 266 1598 138 1584 81 1598 84 1643"/></Shape>
	    <String CONTENT="ginhard exagère qd il dit qu il occupe tout"
                    HPOS="81.0"
                    VPOS="1567.0"
                    WIDTH="2037.0"
                    HEIGHT="169.0"></String>
          </TextLine>
          <TextLine ID="eSc_line_8a28fa8d"
                    TAGREFS="LT80"
                    BASELINE="98 1727 199 1753 362 1769 625 1772 2158 1716" 
                    HPOS="78.0"
                    VPOS="1657.0"
                    WIDTH="2080.0"
                    HEIGHT="180.0">
            <Shape><Polygon POINTS="166 1785 255 1821 335 1796 371 1833 446 1812 554 1837 589 1820 592 1820 594 1820 625 1798 696 1817 698 1817 701 1817 704 1817 785 1798 900 1809 903 1809 1167 1792 1302 1798 1305 1798 1307 1798 1375 1769 1392 1764 1518 1767 1711 1769 1714 1769 1717 1769 1745 1758 1765 1753 1782 1758 1818 1772 1821 1772 1824 1772 1827 1772 1829 1772 1855 1755 1860 1753 1936 1753 1942 1755 1967 1769 1970 1769 1972 1769 1975 1769 2158 1747 2158 1716 2152 1685 2074 1685 2006 1657 2003 1657 2001 1657 1998 1657 1995 1657 1953 1685 1947 1688 1928 1688 1852 1680 1849 1680 1793 1688 1759 1694 1745 1688 1723 1680 1720 1680 1717 1680 1714 1680 1683 1691 1665 1685 1627 1691 1552 1666 1549 1666 1546 1666 1543 1666 1400 1675 1389 1708 1349 1694 1335 1705 1307 1719 1293 1722 1294 1724 1273 1725 1265 1683 1255 1679 1196 1707 1049 1719 1007 1699 959 1688 873 1714 831 1734 821 1732 807 1719 780 1705 697 1715 661 1733 631 1748 502 1719 499 1719 420 1736 122 1663 78 1718 109 1774"/></Shape>
	    <String CONTENT="le pays jusqu&#x27;à l&#x27;Ebre. En réalité il n&#x27;a tou¬"
                    HPOS="78.0"
                    VPOS="1657.0"
                    WIDTH="2080.0"
                    HEIGHT="180.0"></String>
          </TextLine>
          <TextLine ID="eSc_line_dd4103b1"
                    TAGREFS="LT80"
                    BASELINE="92 1826 261 1876 853 1873 1594 1845 2085 1851" 
                    HPOS="92.0"
                    VPOS="1778.0"
                    WIDTH="1993.0"
                    HEIGHT="177.0">
            <Shape><Polygon POINTS="204 1887 224 1893 258 1918 261 1918 263 1918 266 1921 353 1921 353 1918 479 1904 568 1913 631 1955 708 1913 752 1893 830 1910 833 1910 836 1910 917 1887 942 1907 942 1910 945 1910 948 1910 951 1913 1178 1913 1178 1910 1341 1876 1363 1873 1380 1876 1422 1887 1425 1887 1428 1887 1484 1876 1504 1870 1678 1870 1686 1873 1706 1887 1709 1887 1711 1887 1714 1887 1717 1887 1751 1873 1770 1868 2079 1870 2085 1851 2082 1789 2023 1778 2020 1778 2017 1778 2015 1778 2003 1789 1984 1803 1942 1789 1919 1781 1916 1781 1914 1781 1911 1781 1883 1789 1857 1795 1807 1789 1734 1781 1731 1781 1728 1781 1726 1781 1717 1789 1697 1806 1616 1812 1585 1789 1577 1783 1574 1783 1571 1783 1568 1783 1566 1783 1543 1789 1501 1803 1470 1789 1453 1783 1450 1783 1448 1783 1445 1783 1428 1792 1347 1788 1277 1828 1220 1826 1163 1829 1074 1828 1001 1803 999 1803 996 1803 993 1803 826 1831 534 1845 381 1834 355 1842 333 1846 325 1834 289 1822 255 1839 238 1826 207 1811 155 1791 98 1798 92 1826 117 1862"/></Shape>
	    <String CONTENT="ché le fleuve qu&#x27;en deux points : dans la haute"
                    HPOS="92.0"
                    VPOS="1778.0"
                    WIDTH="1993.0"
                    HEIGHT="177.0"></String>
          </TextLine>
          <TextLine ID="eSc_line_b28a7eb0"
                    TAGREFS="LT80"
                    BASELINE="86 1904 191 1962 410 1991 614 1974 1285 1960 2037 1915" 
                    HPOS="60.0"
                    VPOS="1868.0"
                    WIDTH="1977.0"
                    HEIGHT="174.0">
            <Shape><Polygon POINTS="305 2002 347 2020 385 2042 430 2011 592 2002 639 2011 642 2011 645 2011 681 1994 796 2031 875 2000 965 1997 968 1997 971 1997 996 1977 1029 1999 1032 1999 1035 1999 1038 1999 1041 1999 1114 1989 1147 1999 1150 1999 1153 1999 1156 1999 1262 1997 1265 1997 1268 1997 1288 1980 1394 1994 1397 1994 1518 1988 1521 1988 1594 1963 1653 1977 1655 1977 1658 1977 1661 1977 1740 1957 1813 1966 1815 1966 2034 1941 2037 1915 2034 1873 2004 1882 1984 1876 1975 1884 1958 1890 1932 1888 1900 1890 1827 1876 1770 1868 1768 1868 1765 1868 1762 1868 1745 1879 1717 1896 1686 1882 1683 1882 1681 1882 1678 1882 1501 1910 1333 1890 1294 1893 1242 1922 1195 1916 1156 1927 1126 1928 1106 1927 1089 1921 1069 1915 1037 1930 1029 1924 978 1923 936 1927 923 1935 913 1935 898 1927 876 1921 862 1924 849 1917 824 1935 819 1930 808 1932 792 1935 779 1940 740 1947 637 1956 513 1941 474 1915 471 1915 468 1915 465 1915 463 1915 413 1946 377 1953 349 1944 314 1947 269 1932 249 1915 246 1915 244 1915 148 1876 91 1870 60 1946 165 1981"/></Shape>
	    <String CONTENT="vallée du fleuve au Sud de la Navarre et dans la"
                    HPOS="60.0"
                    VPOS="1868.0"
                    WIDTH="1977.0"
                    HEIGHT="174.0"></String>
          </TextLine>
          <TextLine ID="eSc_line_6872723d"
                    TAGREFS="LT80"
                    BASELINE="120 2025 185 2061 367 2089 729 2075 2065 2025" 
                    HPOS="83.0"
                    VPOS="1966.0"
                    WIDTH="1982.0"
                    HEIGHT="160.0">
            <Shape><Polygon POINTS="272 2103 275 2103 333 2126 336 2126 339 2126 342 2126 395 2112 510 2120 513 2120 516 2120 519 2120 552 2095 555 2095 578 2112 580 2112 583 2112 586 2112 589 2112 628 2095 639 2089 653 2092 721 2114 724 2114 726 2114 1088 2114 1229 2084 1251 2098 1254 2098 1257 2098 1260 2098 1352 2075 1355 2075 1383 2089 1386 2089 1389 2089 1554 2072 1568 2084 1571 2084 1574 2084 1577 2084 1580 2084 1582 2084 1605 2070 1616 2061 1681 2067 1745 2072 1748 2072 1751 2072 1768 2064 1784 2056 1818 2064 1849 2070 1852 2070 2062 2056 2065 2025 2057 1983 1987 1986 1944 1983 1930 1977 1928 1977 1925 1977 1922 1977 1919 1977 1908 1985 1897 1991 1880 1985 1829 1966 1827 1966 1824 1966 1821 1966 1818 1966 1787 1985 1779 1991 1756 1988 1686 1974 1683 1974 1681 1974 1647 1988 1610 2008 1552 2008 1528 2011 1512 2003 1486 1989 1468 1999 1457 2005 1454 2009 1444 2017 1428 2008 1397 1997 1394 1997 1392 1997 1389 1997 1324 2013 1299 1997 1296 1994 1293 1994 1290 1994 1288 1994 1285 1994 1276 1997 1218 2016 1086 2005 1083 2005 867 2028 835 2030 816 2036 805 2044 788 2047 766 2040 748 2039 729 2032 701 2008 681 2002 679 2002 676 2002 673 2002 656 2008 589 2033 574 2040 547 2036 538 2036 528 2034 508 2030 485 2031 474 2030 449 2032 425 2033 406 2043 400 2048 386 2051 375 2054 352 2046 336 2036 325 2013 319 2013 317 2013 314 2013 311 2013 305 2013 261 2033 126 1976 83 2039 138 2081"/></Shape>
	    <String CONTENT="basse vallée à Tortose, si cette ville a été vraie¬"
                    HPOS="83.0"
                    VPOS="1966.0"
                    WIDTH="1982.0"
                    HEIGHT="160.0"></String>
          </TextLine>
          <TextLine ID="eSc_line_f7aa7cbb"
                    TAGREFS="LT80"
                    BASELINE="100 2132 214 2176 380 2192 715 2182" 
                    HPOS="74.0"
                    VPOS="2092.0"
                    WIDTH="641.0"
                    HEIGHT="147.0">
            <Shape><Polygon POINTS="246 2218 249 2218 252 2218 297 2204 339 2221 342 2221 345 2221 348 2221 376 2210 482 2224 516 2239 712 2199 715 2182 715 2143 583 2126 580 2126 578 2126 575 2126 566 2134 558 2143 437 2143 384 2126 376 2123 373 2123 370 2123 367 2123 364 2123 333 2137 300 2120 291 2117 289 2117 286 2117 272 2120 210 2134 106 2092 74 2146 153 2190"/></Shape>
	    <String CONTENT="ment occupée."
                    HPOS="74.0"
                    VPOS="2092.0"
                    WIDTH="641.0"
                    HEIGHT="147.0"></String>
          </TextLine>
          <TextLine ID="eSc_line_01a86bd7"
                    TAGREFS="LT80"
                    BASELINE="97 2227 202 2286 356 2306 606 2300 2082 2249" 
                    HPOS="66.0"
                    VPOS="2195.0"
                    WIDTH="2016.0"
                    HEIGHT="150.0">
            <Shape><Polygon POINTS="390 2339 392 2339 395 2339 440 2325 488 2344 491 2344 493 2344 496 2344 499 2344 522 2328 592 2342 594 2342 597 2342 639 2322 653 2336 656 2336 659 2336 785 2339 788 2339 802 2344 850 2322 942 2333 945 2333 1105 2314 1199 2345 1220 2325 1223 2325 1226 2325 1226 2322 1246 2302 1310 2300 1338 2300 1347 2300 1566 2314 1568 2314 1692 2288 1717 2286 1754 2288 1930 2302 1933 2302 1936 2302 1939 2302 1967 2283 1972 2280 2079 2280 2082 2249 2074 2215 1818 2218 1813 2218 1731 2201 1728 2201 1726 2201 1689 2221 1686 2221 1683 2221 1608 2201 1605 2201 1602 2201 1425 2227 1330 2238 1279 2227 1268 2227 1265 2227 1262 2227 1254 2229 1209 2241 1187 2229 1156 2215 1153 2215 1032 2210 992 2240 878 2255 740 2255 698 2238 690 2235 687 2235 684 2235 459 2261 237 2243 156 2198 110 2195 66 2235 187 2330"/></Shape>
	    <String CONTENT="Barcelone n&#x27;a profité en rien à Charlemagne"
                    HPOS="66.0"
                    VPOS="2195.0"
                    WIDTH="2016.0"
                    HEIGHT="150.0"></String>
          </TextLine>
          <TextLine ID="eSc_line_78278616"
                    TAGREFS="LT80"
                    BASELINE="101 2350 238 2403 336 2412 2093 2373" 
                    HPOS="73.0"
                    VPOS="2302.0"
                    WIDTH="2020.0"
                    HEIGHT="172.0">
            <Shape><Polygon POINTS="221 2422 240 2437 250 2463 264 2474 353 2457 398 2451 401 2451 404 2451 432 2437 451 2454 454 2454 457 2454 460 2454 586 2431 653 2457 690 2470 729 2446 858 2437 980 2459 1001 2448 1004 2448 1094 2423 1156 2434 1159 2434 1248 2417 1299 2446 1356 2463 1382 2455 1498 2412 1582 2423 1585 2423 1588 2423 1619 2409 1639 2409 1953 2409 2026 2423 2029 2423 2031 2423 2093 2398 2093 2373 2088 2336 2003 2319 2001 2319 1821 2336 1768 2342 1748 2339 1692 2322 1689 2322 1686 2322 1683 2322 1681 2322 1658 2339 1653 2342 1630 2339 1535 2325 1532 2325 1529 2325 1526 2325 1507 2339 1495 2350 1400 2350 1378 2342 1344 2328 1341 2328 1338 2328 1335 2328 1299 2342 1268 2353 1189 2355 1119 2336 1116 2336 1114 2336 1100 2344 1074 2356 1035 2344 1007 2336 1004 2336 1001 2336 999 2336 973 2344 926 2364 600 2367 561 2350 558 2350 555 2350 552 2350 507 2364 463 2350 457 2347 454 2347 451 2347 449 2347 446 2347 446 2350 418 2373 300 2373 255 2350 252 2350 206 2344 163 2321 117 2302 73 2361 129 2394"/></Shape>
	    <String CONTENT="C est qu il n&#x27;a pas de flotte et que les Sarrasins"
                    HPOS="73.0"
                    VPOS="2302.0"
                    WIDTH="2020.0"
                    HEIGHT="172.0"></String>
          </TextLine>
          <TextLine ID="eSc_line_d008c028"
                    TAGREFS="LT80"
                    BASELINE="78 2454 195 2497 384 2526 841 2510 2045 2476" 
                    HPOS="57.0"
                    VPOS="2410.0"
                    WIDTH="1988.0"
                    HEIGHT="159.0">
            <Shape><Polygon POINTS="387 2555 416 2569 485 2557 575 2546 578 2546 693 2532 774 2549 777 2549 780 2549 783 2549 805 2532 889 2546 892 2546 1157 2549 1207 2539 1280 2546 1406 2518 1490 2535 1493 2535 1495 2535 1574 2516 1633 2532 1636 2532 1639 2532 1717 2518 1829 2530 1832 2530 1835 2530 1877 2513 1975 2527 1978 2527 1981 2527 2045 2504 2045 2476 2043 2437 1995 2420 1992 2420 1989 2420 1987 2420 1947 2437 1933 2443 1902 2437 1863 2431 1860 2431 1857 2431 1855 2431 1846 2437 1835 2448 1642 2438 1563 2440 1509 2431 1507 2431 1504 2431 1501 2431 1490 2443 1473 2454 1313 2474 1218 2443 1203 2437 1201 2437 1088 2437 1086 2437 1083 2437 1058 2445 1013 2459 956 2471 881 2443 878 2443 855 2448 838 2467 804 2477 783 2467 764 2459 737 2462 708 2483 698 2486 678 2477 658 2468 604 2482 573 2478 262 2487 257 2472 252 2466 243 2461 235 2448 91 2410 57 2475 185 2538"/></Shape>
	    <String CONTENT="ont Tunis, ont la côte d&#x27;Espagne et s&#x27;occupent"
                    HPOS="57.0"
                    VPOS="2410.0"
                    WIDTH="1988.0"
                    HEIGHT="159.0"></String>
          </TextLine>
          <TextLine ID="eSc_line_3f03ba84"
                    TAGREFS="LT80"
                    BASELINE="83 2563 234 2617 463 2625 836 2625" 
                    HPOS="70.0"
                    VPOS="2515.0"
                    WIDTH="766.0"
                    HEIGHT="177.0">
            <Shape><Polygon POINTS="143 2625 207 2631 227 2650 227 2653 230 2653 232 2653 235 2653 238 2653 272 2642 291 2659 291 2661 294 2661 297 2661 332 2692 826 2656 836 2625 836 2589 802 2572 799 2572 797 2572 752 2577 732 2560 732 2558 729 2558 726 2558 648 2558 645 2558 642 2558 639 2558 639 2560 617 2580 550 2555 547 2555 544 2555 541 2555 538 2555 502 2583 415 2583 409 2583 359 2580 303 2580 283 2560 280 2560 277 2560 275 2560 232 2569 188 2546 185 2546 182 2546 179 2546 176 2546 111 2515 70 2579"/></Shape>
	    <String CONTENT="à occuper les îles."
                    HPOS="70.0"
                    VPOS="2515.0"
                    WIDTH="766.0"
                    HEIGHT="177.0"></String>
          </TextLine>
          <TextLine ID="eSc_line_5365f1bd"
                    TAGREFS="LT80"
                    BASELINE="87 2751 223 2802 445 2825 712 2802 2023 2754" 
                    HPOS="69.0"
                    VPOS="2686.0"
                    WIDTH="1954.0"
                    HEIGHT="169.0">
            <Shape><Polygon POINTS="108 2798 166 2841 261 2833 286 2849 289 2849 291 2849 294 2849 297 2849 376 2830 446 2849 449 2849 451 2849 538 2830 684 2841 687 2841 690 2841 693 2841 715 2821 740 2841 743 2841 797 2850 984 2855 1095 2812 1307 2799 1330 2799 1344 2799 1487 2807 1490 2807 1568 2793 1644 2813 1647 2813 1650 2813 1653 2813 1700 2788 1703 2788 1741 2800 1771 2826 1790 2810 1793 2810 1796 2810 1829 2788 1857 2799 1860 2799 1863 2799 2023 2776 2023 2754 2015 2720 1728 2726 1714 2723 1667 2712 1664 2712 1661 2712 1589 2716 1574 2709 1546 2726 1529 2712 1529 2709 1526 2709 1523 2709 1521 2709 1518 2709 1473 2729 1470 2729 1467 2729 1445 2712 1442 2712 1439 2712 1436 2712 1296 2729 1206 2718 1203 2718 1201 2718 1150 2732 1108 2748 674 2772 639 2762 629 2761 617 2755 597 2755 579 2762 562 2767 532 2771 513 2778 475 2758 446 2758 418 2756 385 2760 317 2740 241 2748 238 2748 235 2748 125 2686 83 2735 69 2779"/></Shape>
	    <String CONTENT="En fait Charles a presque tout le têmps guer¬"
                    HPOS="69.0"
                    VPOS="2686.0"
                    WIDTH="1954.0"
                    HEIGHT="169.0"></String>
          </TextLine>
          <TextLine ID="eSc_line_2677d8e6"
                    TAGREFS="LT80"
                    BASELINE="83 2850 215 2907 659 2911 2037 2849" 
                    HPOS="71.0"
                    VPOS="2790.0"
                    WIDTH="1966.0"
                    HEIGHT="186.0">
            <Shape><Polygon POINTS="94 2908 135 2940 178 2934 277 2934 317 2950 319 2950 322 2950 460 2928 493 2950 496 2950 499 2950 502 2953 594 2953 613 2964 698 2946 741 2966 749 2976 814 2938 909 2939 912 2939 912 2936 934 2914 973 2934 976 2934 979 2934 982 2934 1021 2920 1142 2949 1219 2923 1470 2891 1509 2905 1512 2905 1515 2905 1616 2886 1616 2883 1627 2883 1902 2880 1928 2894 1930 2894 1933 2894 1936 2894 2034 2869 2037 2849 2034 2813 1958 2790 1956 2790 1953 2790 1950 2790 1911 2807 1886 2806 1860 2811 1846 2820 1835 2822 1823 2826 1783 2836 1743 2825 1736 2810 1699 2813 1667 2823 1645 2837 1616 2842 1589 2837 1577 2834 1573 2824 1554 2809 1528 2807 1531 2807 1519 2817 1496 2830 1497 2829 1488 2836 1475 2839 1461 2842 1440 2844 1369 2834 1235 2833 1217 2839 1199 2834 1178 2817 1159 2816 1126 2813 1099 2815 1093 2825 1067 2851 1025 2859 994 2858 902 2861 870 2858 804 2861 749 2857 594 2863 541 2838 538 2838 536 2838 533 2838 530 2838 485 2869 451 2855 449 2855 446 2855 345 2863 176 2861 129 2826 112 2820 75 2836 71 2885"/></Shape>
	    <String CONTENT="royé dans la région des Pyrénées. Pourtant les"
                    HPOS="71.0"
                    VPOS="2790.0"
                    WIDTH="1966.0"
                    HEIGHT="186.0"></String>
          </TextLine>
          <TextLine ID="eSc_line_c48774b3"
                    TAGREFS="LT80"
                    BASELINE="92 2961 240 3006 569 3018 569 3017 1608 2962 2096 2953" 
                    HPOS="85.0"
                    VPOS="2891.0"
                    WIDTH="2011.0"
                    HEIGHT="167.0">
            <Shape><Polygon POINTS="137 3027 352 3058 384 3049 696 3040 698 3040 743 3023 777 3037 780 3037 783 3037 990 3032 1305 3001 1327 3001 1333 3001 1392 3020 1394 3020 1397 3020 1479 3001 1498 3018 1501 3018 1504 3018 1507 3018 1692 2992 1709 2990 1717 2990 1807 3009 1810 3009 1813 3009 1905 2984 1914 2984 1919 2984 1970 2995 1972 2995 2096 2978 2096 2953 2093 2920 2020 2891 2017 2891 2015 2891 2012 2891 1930 2917 1787 2900 1784 2900 1782 2900 1731 2925 1728 2925 1726 2925 1686 2903 1683 2903 1681 2903 1571 2905 1568 2905 1490 2928 1465 2934 1453 2928 1414 2908 1411 2908 1408 2908 1406 2908 1338 2928 1307 2939 1285 2931 1268 2922 1265 2922 1262 2922 1260 2922 1237 2931 1191 2955 1146 2952 1121 2969 1091 2975 1064 2969 945 2948 864 2936 805 2947 791 2963 771 2980 747 2984 744 2973 734 2966 698 2969 683 2978 667 2987 644 2991 606 2985 401 2964 333 2945 331 2945 328 2945 325 2945 280 2962 241 2945 235 2942 140 2952 110 2923 86 2946 85 2992"/></Shape>
	    <String CONTENT="agitations de l&#x27;Islam lui ont profité. La fonda¬"
                    HPOS="85.0"
                    VPOS="2891.0"
                    WIDTH="2011.0"
                    HEIGHT="167.0"></String>
          </TextLine>
          <TextLine ID="eSc_line_7c617ba2"
                    TAGREFS="LT80"
                    BASELINE="86 3054 257 3114 589 3105 2048 3054" 
                    HPOS="71.0"
                    VPOS="2998.0"
                    WIDTH="1977.0"
                    HEIGHT="160.0">
            <Shape><Polygon POINTS="175 3129 252 3133 325 3152 328 3152 331 3152 333 3152 336 3152 364 3145 395 3152 398 3152 401 3152 404 3152 457 3135 507 3150 510 3150 625 3158 973 3119 1198 3127 1201 3127 1203 3127 1206 3127 1232 3110 1257 3127 1260 3127 1262 3127 1265 3127 1268 3127 1271 3127 1305 3102 1307 3102 1310 3102 1470 3116 1473 3116 1681 3091 1695 3091 1703 3091 1874 3116 1885 3110 1888 3110 1930 3088 2048 3079 2048 3054 2040 2998 1908 3004 1905 3004 1902 3004 1877 3023 1664 3026 1596 3009 1594 3009 1591 3009 1570 3025 1493 3032 1466 3038 1449 3035 1434 3030 1405 3042 1389 3035 1352 3020 1349 3020 1347 3020 1265 3037 1223 3020 1220 3020 1218 3020 1215 3020 1212 3020 1212 3023 1192 3040 1153 3029 1150 3029 1147 3029 802 3051 743 3035 740 3035 738 3035 735 3035 732 3035 701 3054 620 3061 565 3067 510 3060 321 3075 180 3042 132 3035 124 3021 102 3016 71 3085"/></Shape>
	    <String CONTENT="tion du Khalifat Ommiade d. Cordoue en 765"
                    HPOS="71.0"
                    VPOS="2998.0"
                    WIDTH="1977.0"
                    HEIGHT="160.0"></String>
          </TextLine>
          <TextLine ID="eSc_line_ff38877d"
                    TAGREFS="LT80"
                    BASELINE="86 3152 200 3212 347 3233 558 3214 1585 3172 2124 3161" 
                    HPOS="55.0"
                    VPOS="3107.0"
                    WIDTH="2069.0"
                    HEIGHT="180.0">
            <Shape><Polygon POINTS="134 3202 255 3246 373 3265 376 3265 465 3239 519 3239 541 3256 541 3259 544 3259 628 3287 671 3238 757 3236 833 3250 836 3250 839 3250 841 3250 875 3228 878 3228 884 3228 1147 3234 1150 3234 1212 3220 1265 3208 1375 3217 1508 3239 1521 3228 1523 3228 1552 3214 1577 3200 1602 3211 1627 3222 1630 3222 1633 3222 1641 3209 1664 3212 1703 3194 1754 3208 1756 3208 1759 3208 1784 3193 1880 3189 1911 3206 1928 3214 1930 3214 1937 3217 2000 3193 2054 3192 2121 3200 2124 3161 2118 3119 1981 3110 1978 3110 1975 3110 1947 3121 1933 3124 1922 3121 1905 3124 1868 3123 1839 3126 1828 3129 1813 3124 1804 3127 1796 3124 1765 3107 1762 3107 1759 3107 1602 3110 1599 3110 1596 3110 1568 3127 1552 3138 1490 3138 1467 3130 1434 3116 1431 3116 1428 3116 1425 3116 1380 3133 1341 3144 1288 3133 1265 3130 1262 3130 1260 3130 1246 3135 1209 3147 1156 3135 1111 3127 1108 3127 1105 3127 1102 3127 1091 3138 1072 3155 1001 3155 900 3141 855 3135 853 3135 850 3135 847 3135 847 3138 841 3141 827 3158 805 3144 802 3144 799 3144 797 3144 794 3144 791 3144 771 3161 749 3144 746 3141 743 3141 740 3141 738 3141 735 3141 726 3144 687 3164 638 3175 602 3170 577 3180 488 3172 465 3155 465 3152 463 3152 460 3152 457 3152 304 3173 137 3123 92 3110 55 3159"/></Shape>
	    <String CONTENT="contre celui des Abbassides de Bagdad lui a pro¬"
                    HPOS="55.0"
                    VPOS="3107.0"
                    WIDTH="2069.0"
                    HEIGHT="180.0"></String>
          </TextLine>
          <TextLine ID="eSc_line_c89e39a1"
                    TAGREFS="LT80"
                    BASELINE="87 3248 223 3305 397 3322 550 3304 2048 3259" 
                    HPOS="67.0"
                    VPOS="3194.0"
                    WIDTH="1981.0"
                    HEIGHT="165.0">
            <Shape><Polygon POINTS="79 3304 203 3338 231 3359 350 3351 353 3351 356 3351 359 3351 418 3332 502 3349 505 3349 507 3349 510 3349 510 3346 524 3335 594 3343 597 3343 600 3343 603 3343 603 3340 639 3329 724 3335 726 3335 729 3335 799 3312 827 3325 842 3329 863 3334 874 3329 884 3324 905 3329 930 3325 971 3335 1032 3353 1088 3320 1307 3309 1444 3344 1500 3314 1660 3290 1939 3298 1942 3298 2048 3276 2048 3259 2045 3220 2009 3194 2006 3194 2003 3194 2001 3194 1979 3215 1950 3221 1914 3227 1899 3219 1887 3219 1880 3225 1824 3203 1821 3203 1818 3203 1815 3203 1813 3203 1782 3205 1764 3211 1756 3225 1709 3211 1706 3211 1703 3211 1700 3211 1678 3222 1663 3226 1653 3227 1646 3230 1644 3230 1639 3235 1632 3232 1617 3241 1608 3234 1588 3228 1579 3235 1567 3234 1558 3235 1542 3241 1535 3245 1526 3244 1482 3253 1338 3242 1305 3231 1257 3214 1254 3214 1251 3214 1248 3214 1246 3214 1223 3231 1215 3239 1128 3248 1080 3249 1049 3249 1029 3253 1019 3256 1009 3256 979 3258 942 3253 903 3244 885 3250 863 3258 846 3265 830 3270 821 3267 802 3270 780 3269 743 3256 711 3243 680 3267 652 3279 624 3295 592 3284 531 3280 454 3253 451 3253 449 3253 390 3267 328 3271 273 3266 228 3249 130 3200 67 3242 70 3276"/></Shape>
	    <String CONTENT="fité, chacune des deux parties ayant intérêt"
                    HPOS="67.0"
                    VPOS="3194.0"
                    WIDTH="1981.0"
                    HEIGHT="165.0"></String>
          </TextLine>
          <TextLine ID="eSc_line_8f91f043"
                    TAGREFS="LT80"
                    BASELINE="92 3365 251 3415 448 3429 589 3410 2110 3349" 
                    HPOS="71.0"
                    VPOS="3287.0"
                    WIDTH="2039.0"
                    HEIGHT="195.0">
            <Shape><Polygon POINTS="253 3446 289 3451 301 3451 313 3455 326 3453 345 3450 390 3447 429 3463 452 3482 491 3470 631 3430 1145 3426 1168 3470 1220 3435 1352 3422 1400 3441 1553 3425 1610 3410 1655 3412 1668 3410 1700 3418 1745 3399 1827 3408 1829 3408 1832 3408 1835 3408 1872 3394 2110 3374 2110 3349 2107 3307 2071 3287 2068 3287 2065 3287 2062 3287 2059 3287 2059 3290 2037 3309 2011 3307 1871 3318 1849 3312 1807 3298 1804 3298 1801 3298 1798 3298 1796 3298 1779 3312 1768 3323 1723 3323 1711 3315 1698 3324 1685 3309 1670 3303 1657 3296 1639 3300 1614 3314 1590 3321 1554 3329 1525 3324 1496 3329 1478 3343 1454 3359 1435 3351 1406 3351 1384 3344 1373 3344 1342 3344 1331 3339 1296 3337 1201 3326 1167 3339 1137 3336 1120 3335 1098 3343 1089 3357 1073 3364 1037 3367 926 3351 861 3351 829 3340 825 3326 822 3326 819 3326 816 3326 636 3342 555 3367 443 3368 367 3368 342 3346 339 3346 336 3346 282 3372 217 3373 151 3336 99 3325 71 3372 141 3428"/></Shape>
	    <String CONTENT="à menager les Francs. Déjà en 765, Pepin avait"
                    HPOS="71.0"
                    VPOS="3287.0"
                    WIDTH="2039.0"
                    HEIGHT="195.0"></String>
          </TextLine>
          <TextLine ID="eSc_line_1d27ec3b"
                    TAGREFS="LT80"
                    BASELINE="81 3458 207 3511 342 3539 502 3517 2059 3461" 
                    HPOS="66.0"
                    VPOS="3399.0"
                    WIDTH="1993.0"
                    HEIGHT="168.0">
            <Shape><Polygon POINTS="221 3539 224 3539 280 3567 283 3567 286 3567 474 3545 527 3559 530 3559 533 3559 536 3559 538 3559 583 3531 690 3542 693 3542 774 3528 794 3542 797 3542 799 3542 802 3542 934 3523 1063 3537 1066 3537 1195 3509 1237 3525 1240 3525 1243 3525 1246 3525 1248 3525 1268 3511 1341 3534 1387 3553 1431 3511 1512 3506 1582 3520 1585 3520 1588 3520 1591 3520 1631 3507 1747 3543 1793 3506 2053 3496 2059 3461 2054 3408 2015 3399 2012 3399 2009 3399 2006 3399 2006 3402 1988 3402 1972 3424 1944 3410 1922 3402 1919 3402 1916 3402 1860 3413 1818 3419 1751 3416 1710 3421 1697 3420 1682 3424 1664 3424 1651 3436 1633 3446 1625 3446 1596 3419 1584 3428 1564 3433 1556 3438 1547 3443 1537 3441 1521 3438 1499 3440 1471 3430 1430 3454 1421 3463 1402 3458 1377 3462 1335 3459 1300 3441 1271 3424 1268 3424 1265 3424 1262 3424 1257 3430 1228 3450 1200 3455 1185 3460 1171 3475 1154 3483 1143 3478 1131 3474 1111 3472 1092 3463 1060 3441 1058 3441 1055 3441 1052 3441 1052 3444 1038 3458 881 3461 819 3441 811 3438 808 3438 805 3438 802 3438 788 3441 707 3466 648 3450 645 3450 642 3450 639 3450 637 3450 611 3472 441 3496 358 3455 356 3455 353 3455 294 3478 116 3432 66 3445 77 3500"/></Shape>
	    <String CONTENT="envoyé une ambassade à Bagdad. En 768 il"
                    HPOS="66.0"
                    VPOS="3399.0"
                    WIDTH="1993.0"
                    HEIGHT="168.0"></String>
          </TextLine>
          <TextLine ID="eSc_line_915985cd"
                    TAGREFS="LT80"
                    BASELINE="76 3570 175 3611 347 3638 578 3615 2090 3565" 
                    HPOS="61.0"
                    VPOS="3509.0"
                    WIDTH="2029.0"
                    HEIGHT="183.0">
            <Shape><Polygon POINTS="111 3637 374 3676 392 3660 395 3660 398 3660 418 3646 475 3653 499 3652 495 3679 506 3692 556 3672 667 3649 670 3649 673 3649 814 3642 848 3666 859 3679 962 3639 993 3618 1010 3626 1032 3635 1035 3635 1038 3635 1041 3635 1069 3624 1091 3615 1184 3621 1321 3632 1324 3632 1414 3618 1493 3604 2090 3604 2090 3565 2085 3531 1992 3509 1989 3509 1987 3509 1984 3509 1953 3531 1902 3534 1815 3537 1807 3534 1785 3543 1758 3538 1742 3553 1730 3556 1717 3554 1707 3553 1680 3548 1645 3536 1596 3528 1594 3528 1468 3554 1375 3557 1293 3542 1279 3537 1276 3537 1274 3537 1271 3537 1268 3537 1268 3539 1262 3542 1198 3535 1173 3545 1083 3534 1080 3534 1013 3537 1010 3537 1007 3537 990 3548 965 3562 901 3566 833 3542 830 3542 827 3542 811 3551 771 3570 471 3576 440 3556 440 3553 437 3553 435 3553 432 3553 429 3553 423 3556 376 3579 342 3556 339 3556 336 3556 333 3556 291 3583 270 3570 249 3568 96 3526 61 3583"/></Shape>
	    <String CONTENT="avait reçu en Aquitaine une ambassade"
                    HPOS="61.0"
                    VPOS="3509.0"
                    WIDTH="2029.0"
                    HEIGHT="183.0"></String>
          </TextLine>
          <TextLine ID="eSc_line_22ada5ee"
                    TAGREFS="LT80"
                    BASELINE="75 3677 159 3696 376 3741 600 3727 1453 3677 2054 3663" 
                    HPOS="62.0"
                    VPOS="3612.0"
                    WIDTH="1992.0"
                    HEIGHT="152.0">
            <Shape><Polygon POINTS="297 3747 342 3764 345 3764 348 3764 564 3753 566 3753 569 3753 569 3750 592 3730 625 3747 628 3747 631 3747 634 3747 662 3736 771 3750 774 3750 777 3750 825 3727 861 3756 877 3759 894 3764 917 3755 948 3725 987 3741 1050 3695 1067 3715 1135 3731 1237 3736 1240 3736 1243 3736 1246 3736 1347 3705 1352 3705 1417 3705 1967 3705 1967 3702 2051 3682 2054 3663 2048 3626 1981 3612 1978 3612 1880 3626 1877 3626 1846 3612 1843 3612 1841 3612 1773 3629 1756 3632 1751 3629 1732 3622 1717 3612 1703 3615 1683 3632 1673 3633 1664 3633 1647 3629 1641 3632 1636 3629 1592 3624 1570 3629 1557 3636 1545 3636 1531 3633 1512 3632 1487 3640 1470 3632 1447 3622 1430 3619 1413 3625 1392 3629 1381 3635 1352 3640 1330 3647 1302 3643 1277 3637 1254 3638 1219 3643 1203 3635 1164 3615 1161 3615 1159 3615 1103 3633 1087 3664 1052 3695 1044 3692 994 3666 894 3679 856 3689 809 3669 780 3668 761 3651 737 3654 706 3657 697 3655 669 3669 645 3682 619 3680 591 3679 557 3691 524 3701 504 3704 494 3692 486 3673 466 3667 438 3681 414 3697 375 3693 300 3677 213 3646 210 3646 207 3646 122 3639 84 3649 62 3681 99 3746"/></Shape>
	    <String CONTENT="de Sarrasins d&#x27;Espagne. En 801 Charles lui m. a¬"
                    HPOS="62.0"
                    VPOS="3612.0"
                    WIDTH="1992.0"
                    HEIGHT="152.0"></String>
          </TextLine>
          <TextLine ID="eSc_line_e8b9271a"
                    TAGREFS="LT80"
                    BASELINE="61 3786 224 3837 631 3834 2135 3758" 
                    HPOS="61.0"
                    VPOS="3694.0"
                    WIDTH="2074.0"
                    HEIGHT="194.0">
            <Shape><Polygon POINTS="162 3848 165 3848 216 3873 218 3873 221 3873 224 3873 275 3851 343 3888 365 3887 377 3870 458 3853 544 3859 558 3848 662 3854 665 3854 667 3854 670 3854 694 3845 729 3851 732 3851 735 3851 738 3851 811 3834 875 3848 878 3848 1001 3834 1335 3829 1376 3865 1521 3809 1546 3806 1560 3809 1647 3823 1650 3823 1653 3823 1689 3803 1692 3803 1695 3803 1740 3814 1742 3814 1745 3814 1807 3800 1855 3789 1947 3795 2043 3803 2045 3803 2132 3789 2135 3758 2127 3694 2012 3699 2009 3699 2006 3699 2006 3702 1984 3722 1925 3702 1922 3702 1919 3702 1818 3705 1815 3705 1748 3741 1504 3747 1406 3719 1403 3719 1400 3719 1397 3719 1349 3741 1310 3722 1307 3722 1305 3722 1302 3722 1299 3722 1243 3755 1175 3739 1173 3739 1170 3739 1167 3739 1105 3761 1020 3779 918 3771 875 3784 844 3784 780 3783 749 3778 697 3781 635 3783 294 3783 258 3761 255 3761 252 3761 249 3761 246 3761 244 3761 224 3778 202 3761 199 3761 133 3763 107 3749 89 3742 61 3786 67 3817"/></Shape>
	    <String CONTENT="vait reçu une ambassade de Haroun al Rachid"
                    HPOS="61.0"
                    VPOS="3694.0"
                    WIDTH="2074.0"
                    HEIGHT="194.0"></String>
          </TextLine>
          <TextLine ID="eSc_line_d3d03166"
                    TAGREFS="LT80"
                    BASELINE="67 3871 161 3917 162 3917 306 3935 507 3936 592 3921 2009 3854" 
                    HPOS="55.0"
                    VPOS="3792.0"
                    WIDTH="1954.0"
                    HEIGHT="190.0">
            <Shape><Polygon POINTS="149 3947 582 3982 1049 3929 1052 3929 1069 3915 1097 3929 1100 3929 1102 3929 1251 3924 1442 3898 1462 3898 1476 3898 1639 3907 1641 3907 1993 3883 2009 3854 2006 3811 1961 3792 1958 3792 1956 3792 1953 3792 1888 3814 1855 3826 1810 3817 1759 3809 1756 3809 1754 3809 1751 3809 1737 3820 1704 3810 1616 3828 1608 3823 1577 3809 1574 3809 1571 3809 1568 3809 1535 3826 1504 3842 1426 3848 1388 3866 1364 3870 1358 3858 1350 3845 1335 3834 1333 3834 1330 3834 1266 3835 1246 3854 1175 3837 1136 3848 1106 3863 1080 3867 1063 3855 1030 3849 816 3859 813 3859 811 3859 808 3859 788 3873 715 3854 698 3848 696 3848 693 3848 690 3848 679 3854 631 3879 589 3859 586 3859 583 3859 580 3859 578 3859 547 3887 482 3887 446 3862 446 3859 443 3859 440 3859 437 3859 395 3868 372 3895 356 3898 331 3904 297 3868 294 3868 291 3868 190 3890 101 3828 55 3864 71 3914"/></Shape>
	    <String CONTENT="Depuis lors, ça va moins bien avec l&#x27;émir de"
                    HPOS="55.0"
                    VPOS="3792.0"
                    WIDTH="1954.0"
                    HEIGHT="190.0"></String>
          </TextLine>
          <TextLine ID="eSc_line_544338fa"
                    TAGREFS="LT80"
                    BASELINE="55 3968 137 4005 257 4035 516 4030 1992 3966" 
                    HPOS="45.0"
                    VPOS="3898.0"
                    WIDTH="1947.0"
                    HEIGHT="169.0">
            <Shape><Polygon POINTS="162 4050 227 4067 230 4067 232 4067 235 4067 255 4050 300 4064 303 4064 305 4064 651 4053 673 4053 715 4043 739 4038 765 4041 808 4047 811 4047 813 4047 1046 4019 1058 4019 1060 4019 1136 4036 1139 4036 1142 4036 1192 4016 1366 4027 1369 4027 1540 4002 1543 4002 1546 4002 1624 4019 1627 4019 1726 3997 1947 4008 1950 4008 1953 4008 1992 3985 1992 3966 1984 3898 1885 3901 1883 3901 1880 3901 1880 3904 1860 3924 1829 3904 1827 3904 1824 3904 1821 3904 1703 3927 1675 3910 1672 3910 1669 3910 1667 3910 1664 3910 1661 3910 1633 3927 1546 3912 1543 3912 1540 3912 1537 3912 1535 3912 1535 3915 1509 3941 1420 3929 1417 3929 1237 3949 1170 3927 1167 3927 1164 3927 1161 3927 1159 3927 1136 3943 1094 3929 1091 3929 1088 3929 1086 3929 1083 3929 1049 3957 1024 3938 1021 3938 1018 3938 1015 3938 1013 3938 962 3960 889 3970 847 3974 808 3966 781 3970 763 3967 734 3974 689 3980 672 3984 626 4000 486 4001 446 3977 405 3981 376 3987 363 3993 342 3988 289 3983 246 3957 244 3957 146 3959 101 3919 56 3923 45 3983"/></Shape>
	    <String CONTENT="Cordoue comme on peut le voir par les faits. En"
                    HPOS="45.0"
                    VPOS="3898.0"
                    WIDTH="1947.0"
                    HEIGHT="169.0"></String>
          </TextLine>
          <TextLine ID="eSc_line_c9a17859"
                    TAGREFS="LT80"
                    BASELINE="64 4081 345 4140 617 4120 2003 4070" 
                    HPOS="53.0"
                    VPOS="4005.0"
                    WIDTH="1950.0"
                    HEIGHT="168.0">
            <Shape><Polygon POINTS="61 4138 219 4161 331 4157 373 4173 376 4173 465 4151 544 4168 547 4168 550 4168 552 4168 552 4165 569 4151 647 4150 678 4151 716 4152 763 4140 808 4159 811 4159 813 4159 976 4137 1279 4145 1282 4145 1285 4145 1380 4120 1386 4120 1394 4120 1508 4151 1603 4172 1709 4131 1711 4131 1714 4131 1745 4112 1762 4103 1804 4103 1815 4109 1835 4126 1838 4126 1841 4126 1843 4126 1846 4126 1897 4106 1914 4100 1925 4106 1942 4117 1944 4117 1947 4117 1950 4117 1953 4117 2003 4103 2003 4070 1992 4005 1930 4033 1737 4022 1734 4022 1731 4022 1728 4022 1692 4047 1656 4028 1559 4044 1372 4061 1285 4061 1240 4036 1237 4036 1234 4036 1232 4036 1195 4056 1156 4030 1153 4030 1150 4030 1147 4030 1145 4030 1142 4030 1097 4061 1021 4070 864 4070 851 4071 833 4066 818 4064 776 4074 771 4075 749 4078 710 4050 707 4050 704 4050 701 4050 698 4050 696 4050 656 4078 583 4084 527 4070 524 4070 522 4070 519 4070 465 4084 412 4064 409 4064 406 4064 404 4064 339 4084 277 4058 275 4058 272 4058 269 4058 202 4078 179 4061 176 4061 174 4061 95 4023 53 4061 56 4103"/></Shape>
	    <String CONTENT="812 Charles conclut avec lui une paix pour 3"
                    HPOS="53.0"
                    VPOS="4005.0"
                    WIDTH="1950.0"
                    HEIGHT="168.0"></String>
          </TextLine>
          <TextLine ID="eSc_line_dbd4dc52"
                    TAGREFS="LT80"
                    BASELINE="45 4179 241 4229 968 4224" 
                    HPOS="48.0"
                    VPOS="4148.0"
                    WIDTH="920.0"
                    HEIGHT="135.0">
            <Shape><Polygon POINTS="148 4249 151 4249 213 4280 216 4280 218 4280 221 4280 224 4280 264 4267 310 4278 390 4272 392 4272 536 4249 541 4249 586 4280 589 4280 592 4280 594 4283 875 4283 875 4280 878 4280 881 4280 881 4277 925 4262 965 4246 968 4224 965 4162 951 4148 938 4150 923 4152 913 4156 898 4162 844 4167 810 4168 778 4179 759 4184 739 4176 722 4169 704 4164 677 4162 666 4161 632 4166 609 4162 597 4162 572 4173 527 4179 483 4173 466 4172 448 4184 436 4184 428 4187 422 4190 399 4193 382 4189 363 4183 342 4176 318 4170 289 4179 270 4179 245 4176 208 4184 62 4149 48 4198 98 4249"/></Shape>
	    <String CONTENT="ans (Richter II. 198)."
                    HPOS="48.0"
                    VPOS="4148.0"
                    WIDTH="920.0"
                    HEIGHT="135.0"></String>
          </TextLine>
          <TextLine ID="eSc_line_ddff49b5"
                    TAGREFS="LT80"
                    BASELINE="56 4381 266 4451 519 4437 2054 4358" 
                    HPOS="56.0"
                    VPOS="4300.0"
                    WIDTH="1998.0"
                    HEIGHT="199.0">
            <Shape><Polygon POINTS="179 4454 221 4473 224 4473 227 4473 263 4459 299 4471 435 4465 437 4465 440 4465 477 4448 513 4462 516 4462 519 4462 631 4448 715 4499 771 4455 1424 4416 1511 4419 1728 4392 1731 4392 1818 4415 1821 4415 1845 4428 1961 4381 1967 4381 1970 4381 2015 4401 2017 4401 2020 4401 2023 4401 2026 4401 2054 4381 2054 4358 2048 4311 1964 4300 1961 4300 1885 4314 1798 4330 1765 4316 1726 4300 1723 4300 1720 4300 1717 4300 1681 4319 1669 4325 1661 4319 1622 4302 1619 4302 1616 4302 1613 4302 1610 4302 1582 4322 1554 4342 1512 4328 1509 4328 1507 4328 1417 4335 1341 4333 1338 4333 1335 4333 1333 4333 1330 4333 1302 4353 1223 4342 1220 4342 1218 4342 1175 4358 1111 4333 1100 4330 1097 4330 1094 4330 1046 4333 1044 4333 1041 4333 1038 4336 1001 4364 940 4353 937 4353 934 4353 878 4370 841 4356 839 4356 836 4356 833 4356 830 4356 830 4358 827 4358 819 4370 799 4358 797 4358 794 4358 791 4358 586 4381 550 4361 547 4361 544 4361 541 4361 479 4387 395 4370 392 4370 390 4370 387 4370 367 4387 342 4398 315 4398 304 4402 279 4383 249 4375 221 4358 218 4358 193 4371 104 4318 56 4364 56 4401 66 4417"/></Shape>
	    <String CONTENT="Il&lt;.&gt; semble bien que les Sarrasins ont occupé les"
                    HPOS="56.0"
                    VPOS="4300.0"
                    WIDTH="1998.0"
                    HEIGHT="199.0"></String>
          </TextLine>
          <TextLine ID="eSc_line_78f0f528"
                    TAGREFS="LT80"
                    BASELINE="65 4487 202 4532 338 4553 482 4535 1664 4485 2015 4485" 
                    HPOS="44.0"
                    VPOS="4420.0"
                    WIDTH="2001.0"
                    HEIGHT="160.0">
            <Shape><Polygon POINTS="105 4530 238 4573 261 4563 311 4580 314 4580 317 4580 458 4578 488 4569 552 4566 555 4566 558 4566 561 4566 561 4563 572 4555 583 4546 623 4552 674 4566 715 4566 718 4566 721 4566 743 4549 754 4541 864 4538 881 4546 903 4555 906 4555 909 4555 912 4555 940 4544 968 4532 1001 4541 1018 4546 1021 4546 1024 4546 1027 4546 1029 4546 1029 4544 1035 4541 1046 4530 1086 4541 1097 4541 1100 4541 1102 4541 1108 4538 1145 4527 1161 4538 1178 4549 1181 4549 1184 4549 1187 4549 1189 4549 1229 4535 1234 4535 1265 4535 1392 4532 1406 4538 1408 4538 1425 4530 1453 4516 1695 4523 1714 4517 1844 4527 1902 4538 1924 4511 2001 4536 2045 4427 1810 4445 1706 4445 1686 4431 1683 4431 1681 4431 1678 4431 1675 4431 1672 4431 1655 4445 1605 4426 1602 4426 1599 4426 1596 4426 1495 4451 1428 4420 1425 4420 1422 4420 1420 4420 1417 4420 1414 4420 1372 4434 1285 4426 1279 4426 1276 4426 1274 4426 1271 4426 1271 4429 1248 4448 1226 4437 1223 4437 1220 4437 1218 4437 1184 4457 1156 4431 1153 4431 1150 4431 1147 4431 1145 4431 1075 4448 1032 4448 998 4469 959 4473 847 4476 747 4476 726 4498 714 4507 677 4507 673 4494 660 4474 639 4457 637 4457 634 4457 631 4457 628 4457 628 4459 609 4479 578 4465 575 4465 572 4465 569 4465 566 4465 536 4488 513 4471 510 4471 507 4471 505 4471 502 4471 499 4471 455 4514 313 4528 248 4510 211 4483 158 4479 98 4436 62 4460 44 4521"/></Shape>
	    <String CONTENT="Baleares dés la fin du VIIIe s. En tous cas, en 798,"
                    HPOS="44.0"
                    VPOS="4420.0"
                    WIDTH="2001.0"
                    HEIGHT="160.0"></String>
          </TextLine>
          <TextLine ID="eSc_line_fea39172"
                    TAGREFS="LT80"
                    BASELINE="50 4594 235 4631 485 4633 1602 4574 2124 4558" 
                    HPOS="48.0"
                    VPOS="4499.0"
                    WIDTH="2080.0"
                    HEIGHT="198.0">
            <Shape><Polygon POINTS="157 4656 204 4687 207 4687 210 4687 213 4689 250 4697 306 4680 531 4658 529 4683 535 4694 540 4697 564 4693 612 4664 665 4645 735 4657 749 4664 791 4680 811 4661 813 4661 844 4636 1074 4628 1105 4650 1108 4650 1111 4650 1175 4659 1338 4642 1341 4642 1344 4642 1383 4611 1431 4622 1434 4622 1436 4622 1557 4600 1566 4600 1580 4600 1700 4605 1703 4605 1852 4588 1888 4586 1902 4586 1984 4603 1987 4603 2128 4605 2124 4558 2118 4510 2074 4499 2071 4499 2068 4499 2065 4499 2013 4541 1943 4534 1936 4520 1919 4520 1899 4546 1887 4544 1862 4541 1833 4537 1823 4526 1809 4524 1806 4530 1795 4536 1771 4541 1706 4523 1658 4545 1647 4524 1644 4524 1599 4538 1512 4527 1474 4523 1418 4545 1386 4537 1362 4547 1335 4549 1265 4552 1251 4563 1224 4558 1205 4551 1171 4551 1144 4561 1129 4566 1123 4571 1102 4565 1055 4538 1049 4538 1046 4538 1044 4538 1041 4538 1018 4560 962 4563 937 4566 900 4557 880 4550 850 4559 825 4561 793 4562 774 4574 727 4564 708 4584 687 4592 678 4589 669 4594 648 4596 599 4599 378 4600 307 4606 275 4604 252 4594 204 4563 202 4563 199 4563 93 4533 64 4569 50 4594 48 4629"/></Shape>
	    <String CONTENT="ils les ravagent (Richter II 141). L année suivante,"
                    HPOS="48.0"
                    VPOS="4499.0"
                    WIDTH="2080.0"
                    HEIGHT="198.0"></String>
          </TextLine>
          <TextLine ID="eSc_line_b1b13246"
                    TAGREFS="LT80"
                    BASELINE="47 4681 221 4720 488 4723 862 4706 1995 4656" 
                    HPOS="40.0"
                    VPOS="4600.0"
                    WIDTH="1955.0"
                    HEIGHT="168.0">
            <Shape><Polygon POINTS="244 4757 246 4757 249 4757 275 4743 314 4768 317 4768 319 4768 322 4768 611 4757 614 4757 617 4757 634 4743 829 4738 879 4761 900 4746 934 4729 1203 4732 1206 4732 1209 4732 1288 4712 1319 4726 1321 4726 1351 4716 1411 4709 1608 4715 1610 4715 1613 4715 1659 4726 1682 4707 1695 4692 1717 4703 1720 4703 1755 4699 1869 4706 1869 4703 1995 4681 1995 4656 1984 4619 1961 4625 1953 4619 1925 4600 1922 4600 1919 4600 1916 4600 1914 4600 1832 4622 1801 4631 1790 4622 1756 4603 1754 4603 1751 4603 1748 4603 1745 4603 1697 4625 1675 4636 1438 4654 1398 4651 1365 4661 1329 4665 1312 4664 1282 4657 1265 4657 1242 4652 1222 4659 1207 4665 1190 4674 1178 4664 1145 4675 1069 4670 1041 4661 973 4645 962 4642 959 4642 957 4642 954 4642 945 4645 895 4670 788 4686 704 4650 698 4650 696 4650 693 4650 690 4650 687 4650 656 4678 611 4678 552 4703 535 4700 527 4686 515 4674 482 4673 448 4677 394 4685 369 4689 352 4688 330 4689 259 4707 179 4694 119 4651 93 4641 40 4674 40 4720"/></Shape>
	    <String CONTENT="leurs habitants implorent des secours. Charles"
                    HPOS="40.0"
                    VPOS="4600.0"
                    WIDTH="1955.0"
                    HEIGHT="168.0"></String>
          </TextLine>
          <TextLine ID="eSc_line_bd57bf19"
                    TAGREFS="LT80"
                    BASELINE="44 4768 199 4802 479 4813 2015 4754" 
                    HPOS="40.0"
                    VPOS="4698.0"
                    WIDTH="1975.0"
                    HEIGHT="162.0">
            <Shape><Polygon POINTS="230 4830 280 4852 283 4852 331 4844 465 4855 465 4852 583 4838 666 4840 706 4860 780 4825 839 4838 841 4838 923 4835 926 4835 928 4835 945 4818 971 4833 973 4833 976 4833 979 4833 1013 4818 1220 4824 1223 4824 1226 4824 1229 4824 1229 4821 1254 4802 1274 4818 1276 4818 1279 4818 1282 4818 1495 4796 1552 4816 1554 4816 1557 4816 1560 4816 1641 4790 1655 4788 1686 4790 1815 4802 1818 4802 1821 4802 1869 4785 1880 4782 2015 4782 2015 4754 2006 4720 1891 4720 1888 4720 1815 4698 1813 4698 1810 4698 1709 4703 1706 4703 1662 4737 1622 4734 1605 4726 1594 4720 1591 4720 1588 4720 1490 4729 1383 4737 1369 4732 1341 4715 1338 4715 1335 4715 1333 4715 1296 4732 1265 4746 1223 4734 1189 4723 1187 4723 1184 4723 1181 4723 1147 4734 1100 4751 1046 4737 1029 4732 1027 4732 1024 4732 1021 4732 1007 4737 962 4760 869 4766 816 4740 813 4740 811 4740 808 4740 805 4740 802 4740 768 4765 707 4794 688 4763 661 4761 649 4766 611 4775 602 4780 590 4776 572 4768 531 4776 512 4775 497 4781 484 4783 446 4792 241 4757 238 4757 235 4757 204 4771 98 4732 44 4768 40 4807"/></Shape>
	    <String CONTENT="leur en accorde, sans doute transportés par"
                    HPOS="40.0"
                    VPOS="4698.0"
                    WIDTH="1975.0"
                    HEIGHT="162.0"></String>
          </TextLine>
          <TextLine ID="eSc_line_d95b503a"
                    TAGREFS="LT80"
                    BASELINE="64 4863 210 4883 623 4889 2089 4861" 
                    HPOS="46.0"
                    VPOS="4793.0"
                    WIDTH="2054.0"
                    HEIGHT="155.0">
            <Shape><Polygon POINTS="297 4919 479 4948 482 4948 639 4917 665 4914 698 4917 788 4928 791 4928 864 4917 872 4917 878 4917 942 4936 945 4936 948 4936 951 4936 1013 4917 1049 4905 1074 4917 1088 4922 1091 4922 1094 4922 1203 4917 1265 4914 1271 4917 1293 4931 1296 4931 1299 4931 1302 4931 1305 4931 1307 4931 1324 4917 1333 4911 1459 4914 1462 4914 1465 4914 1498 4897 1557 4917 1585 4925 1588 4925 1591 4925 1594 4925 1596 4925 1608 4917 1633 4894 1768 4889 1914 4889 1958 4917 1961 4917 1964 4917 1967 4917 2072 4883 2100 4866 2099 4822 2071 4816 1981 4796 1978 4796 1975 4796 1933 4793 1857 4799 1855 4799 1852 4799 1849 4799 1846 4799 1810 4808 1751 4810 1748 4810 1563 4844 1421 4839 1396 4836 1381 4838 1362 4829 1341 4827 1313 4830 1299 4824 1265 4829 1237 4833 1228 4831 1208 4841 1178 4833 1156 4832 1138 4828 1099 4848 1090 4848 1078 4840 1062 4836 1050 4841 1035 4841 1028 4853 1021 4856 1008 4853 995 4859 984 4853 956 4848 934 4855 924 4850 901 4849 881 4856 865 4857 836 4843 802 4841 776 4831 763 4842 746 4863 713 4870 691 4854 654 4867 623 4847 602 4842 576 4844 532 4865 519 4872 465 4871 418 4870 385 4860 362 4859 337 4848 299 4856 283 4855 255 4849 218 4827 216 4827 213 4827 210 4827 174 4839 91 4817 49 4835 46 4873 77 4909"/></Shape>
	    <String CONTENT="des bateaux Baléares, et la défense parait être"
                    HPOS="46.0"
                    VPOS="4793.0"
                    WIDTH="2054.0"
                    HEIGHT="155.0"></String>
          </TextLine>
        </TextBlock>
        <TextBlock HPOS="2125"
                   VPOS="250"
                   WIDTH="1828"
                   HEIGHT="3538"
                   ID="eSc_textblock_5ba509e4"
                   TAGREFS="BT140">
          <Shape><Polygon POINTS="2211 289 2125 727 2219 3788 3897 3573 3953 250"/></Shape>
          <TextLine ID="eSc_line_fb7cb4a0"
                    TAGREFS="LT80"
                    BASELINE="2304 389 2436 373 2772 352 3279 334 3380 331 3867 316" 
                    HPOS="2290"
                    VPOS="252"
                    WIDTH="1583"
                    HEIGHT="180">
            <Shape><Polygon POINTS="2293 406 2330 412 2403 432 2483 423 2486 423 2489 423 2494 420 2604 387 2649 401 2652 401 2654 401 2657 401 2702 384 2719 398 2722 398 2725 398 2727 398 2772 367 2800 373 3041 374 3061 374 3081 376 3109 376 3126 368 3134 384 3137 384 3140 384 3263 359 3335 358 3368 363 3387 357 3407 349 3427 351 3454 353 3488 370 3491 370 3494 370 3496 370 3547 347 3568 340 3578 341 3583 347 3589 343 3597 344 3604 341 3614 339 3632 334 3657 337 3676 339 3718 338 3729 340 3743 349 3751 357 3758 359 3764 362 3776 367 3787 356 3799 349 3808 353 3833 340 3865 344 3873 315 3861 290 3743 252 3741 252 3738 252 3735 252 3735 255 3710 277 3652 280 3616 303 3592 292 3547 286 3518 299 3469 293 3450 304 3294 294 3249 272 3247 272 3244 272 3241 272 3238 272 3207 297 3109 277 3106 277 3104 277 3101 277 3065 293 2862 286 2859 286 2857 286 2806 300 2739 291 2736 291 2733 291 2730 291 2730 294 2705 316 2636 314 2596 297 2593 297 2590 297 2590 300 2573 316 2482 331 2441 331 2410 327 2388 328 2369 331 2357 331 2334 330 2327 335 2301 361 2290 378"/></Shape>
	    <String CONTENT="En 793 les Sarrasins ont envahi la Sep¬"
                    HPOS="2290"
                    VPOS="252"
                    WIDTH="1583"
                    HEIGHT="180"></String>
          </TextLine>
          <TextLine ID="eSc_line_067557a5"
                    TAGREFS="LT80"
                    BASELINE="2267 469 3850 387" 
                    HPOS="2259"
                    VPOS="343"
                    WIDTH="1591"
                    HEIGHT="147">
            <Shape><Polygon POINTS="2259 490 2503 490 2610 479 2807 453 2834 449 2899 471 2910 474 2920 470 2938 455 2966 451 3227 451 3308 433 3328 451 3331 451 3339 445 3367 431 3424 426 3452 452 3478 456 3522 440 3623 420 3690 431 3715 434 3718 434 3721 434 3724 434 3729 429 3752 415 3847 423 3850 387 3842 349 3798 364 3744 374 3706 351 3689 343 3670 354 3642 368 3620 364 3597 370 3568 371 3549 389 3536 385 3525 372 3501 377 3479 377 3460 377 3410 350 3399 357 3353 374 3321 371 3297 372 3257 363 3242 370 3227 378 3217 386 3193 385 3161 386 3141 395 3125 400 3121 398 3106 404 3096 392 3081 381 3059 382 3042 392 3026 400 3020 395 3001 401 2980 387 2955 384 2876 373 2873 373 2871 373 2817 392 2806 395 2800 392 2781 378 2778 378 2775 378 2772 378 2735 406 2719 398 2713 398 2705 398 2666 404 2641 398 2599 417 2560 427 2524 433 2411 443 2382 445 2356 444 2336 424 2318 419 2289 431 2271 438 2259 460"/></Shape>
	    <String CONTENT="timanie. C est pr les contenir que Louis"
                    HPOS="2259"
                    VPOS="343"
                    WIDTH="1591"
                    HEIGHT="147"></String>
          </TextLine>
          <TextLine ID="eSc_line_dbb7173b"
                    TAGREFS="LT80"
                    BASELINE="2262 541 3668 465" 
                    HPOS="2262"
                    VPOS="434"
                    WIDTH="1406"
                    HEIGHT="169">
            <Shape><Polygon POINTS="2264 580 2420 603 2570 577 2573 577 2615 561 2640 549 2699 544 2713 555 2722 561 2722 563 2725 563 2727 563 2730 563 2733 563 2736 563 2747 552 2761 544 2792 552 2798 552 2800 552 2803 552 2817 549 2890 532 2952 544 2994 549 2997 549 3000 549 3031 538 3064 527 3182 530 3193 530 3196 530 3276 503 3348 512 3379 500 3409 513 3446 521 3449 521 3452 521 3452 518 3454 518 3454 516 3466 504 3485 516 3502 527 3505 527 3508 527 3510 527 3513 527 3501 527 3539 513 3564 489 3613 484 3663 486 3668 465 3663 436 3551 445 3496 457 3475 466 3443 454 3416 444 3407 434 3385 438 3364 445 3355 452 3338 454 3300 436 3284 461 3260 465 3241 467 3227 459 3209 453 3195 456 3154 458 3107 463 2939 462 2933 460 2920 474 2906 484 2895 480 2871 474 2844 466 2831 451 2806 457 2767 462 2743 473 2702 476 2696 489 2679 489 2667 490 2647 477 2614 489 2597 500 2580 501 2567 505 2547 488 2478 497 2430 494 2404 488 2280 510 2262 541"/></Shape>
	    <String CONTENT="en 795 etablit la marche d Espagne"
                    HPOS="2262"
                    VPOS="434"
                    WIDTH="1406"
                    HEIGHT="169"
                    WC="0.9915869726854212"></String>
          </TextLine>
          <TextLine ID="eSc_line_521db528"
                    TAGREFS="LT80"
                    BASELINE="3207 555 3785 532" 
                    HPOS="3207"
                    VPOS="482"
                    WIDTH="578"
                    HEIGHT="132">
            <Shape><Polygon POINTS="3254 513 3239 518 3213 539 3207 555 3207 614 3258 614 3258 611 3261 611 3263 611 3263 608 3292 583 3331 605 3331 608 3334 608 3336 608 3339 608 3423 605 3426 605 3435 603 3502 575 3553 597 3555 597 3558 597 3561 597 3564 597 3567 597 3567 594 3589 572 3642 566 3724 566 3780 586 3785 532 3774 482 3574 490 3556 505 3527 530 3503 529 3473 514 3430 519 3413 515 3393 519 3378 512 3363 511 3356 520 3343 528 3325 524 3310 528 3302 520 3298 510 3278 508"/></Shape>
	    <String CONTENT="Richter II 132"
                    HPOS="3207"
                    VPOS="482"
                    WIDTH="578"
                    HEIGHT="132"></String>
          </TextLine>
          <TextLine ID="eSc_line_69b853d5"
                    TAGREFS="LT80"
                    BASELINE="2200 791 2974 774" 
                    HPOS="2196"
                    VPOS="709"
                    WIDTH="776"
                    HEIGHT="141">
            <Shape><Polygon POINTS="2196 809 2228 821 2357 833 2402 835 2405 835 2518 850 2559 830 2562 830 2562 827 2570 821 2573 819 2576 821 2581 827 2584 827 2587 827 2590 827 2593 827 2596 827 2604 819 2621 810 2705 813 2800 819 2803 819 2969 799 2972 774 2955 723 2946 737 2815 725 2758 723 2736 709 2733 709 2730 709 2727 709 2725 709 2722 709 2705 723 2685 740 2629 726 2626 726 2624 726 2621 726 2562 743 2523 723 2503 712 2500 712 2497 712 2494 712 2492 712 2475 723 2433 748 2405 732 2402 732 2399 732 2396 732 2393 732 2357 748 2276 723 2270 720 2267 720 2264 720 2232 737 2199 784"/></Shape>
	    <String CONTENT="roi d&#x27;Aquitaine"
                    HPOS="2196"
                    VPOS="709"
                    WIDTH="776"
                    HEIGHT="141"></String>
          </TextLine>
          <TextLine ID="eSc_line_fea7d5b1"
                    TAGREFS="LT80"
                    BASELINE="2203 987 3179 959" 
                    HPOS="2200"
                    VPOS="886"
                    WIDTH="979"
                    HEIGHT="149">
            <Shape><Polygon POINTS="2205 1035 2264 1015 2323 1029 2332 1032 2335 1032 2337 1032 2360 1029 2458 1009 2478 1023 2483 1029 2486 1029 2489 1029 2492 1029 2494 1029 2523 1021 2593 1004 2649 1015 2685 1023 2688 1023 2691 1023 2725 1012 2758 1004 2814 1009 2848 1012 2851 1012 2885 1006 2944 995 2994 1001 3075 1012 3078 1012 3179 992 3179 959 3174 917 2983 886 2980 886 2882 889 2879 889 2876 889 2831 922 2770 900 2767 900 2764 900 2761 900 2758 900 2758 903 2736 925 2691 908 2688 908 2685 908 2584 928 2567 931 2565 928 2537 906 2534 906 2531 906 2528 906 2525 906 2523 906 2523 908 2497 931 2494 934 2402 914 2365 934 2340 908 2340 906 2337 906 2335 906 2304 906 2301 906 2236 908 2233 908 2231 908 2200 928 2203 987"/></Shape>
	    <String CONTENT="Kleinclausz p. 326 sqq."
                    HPOS="2200"
                    VPOS="886"
                    WIDTH="979"
                    HEIGHT="149"></String>
          </TextLine>
          <TextLine ID="eSc_line_4566a8d5"
                    TAGREFS="LT80"
                    BASELINE="2113 1856 2758 1868" 
                    HPOS="2110"
                    VPOS="1781"
                    WIDTH="648"
                    HEIGHT="140">
            <Shape><Polygon POINTS="2646 1798 2643 1798 2640 1798 2638 1798 2626 1809 2610 1795 2610 1792 2607 1792 2604 1792 2601 1792 2598 1792 2596 1792 2565 1817 2539 1817 2514 1817 2514 1814 2430 1783 2427 1783 2424 1783 2422 1783 2368 1806 2312 1795 2309 1795 2306 1795 2304 1795 2304 1798 2290 1809 2290 1812 2284 1809 2222 1781 2219 1781 2144 1781 2141 1781 2138 1781 2135 1781 2113 1795 2113 1856 2110 1910 2396 1896 2427 1918 2430 1921 2433 1921 2436 1921 2438 1921 2503 1918 2506 1918 2509 1918 2509 1915 2528 1898 2753 1921 2758 1868 2756 1828 2747 1820"/></Shape>
	    <String CONTENT="Kleincl. p. 330."
                    HPOS="2110"
                    VPOS="1781"
                    WIDTH="648"
                    HEIGHT="140"></String>
          </TextLine>
          <TextLine ID="eSc_line_93b013ff"
                    TAGREFS="LT80"
                    BASELINE="2161 2361 2632 2319 3811 2263" 
                    HPOS="2161"
                    VPOS="2199"
                    WIDTH="1650"
                    HEIGHT="202">
            <Shape><Polygon POINTS="3665 2229 3642 2213 3642 2210 3640 2210 3637 2210 3634 2210 3631 2210 3567 2227 3466 2199 3463 2199 3460 2199 3457 2199 3376 2235 3328 2227 3325 2227 3322 2227 3320 2227 3320 2229 3300 2249 3294 2249 3202 2238 3199 2238 3095 2260 3089 2260 3087 2260 3053 2244 3050 2244 3047 2244 3045 2244 3042 2244 3019 2263 2924 2269 2871 2272 2837 2244 2837 2241 2834 2241 2831 2241 2828 2241 2826 2241 2823 2241 2784 2274 2683 2280 2570 2246 2567 2246 2565 2246 2413 2269 2284 2251 2231 2266 2228 2266 2225 2266 2225 2269 2186 2308 2186 2311 2176 2330 2161 2361 2161 2373 2318 2401 2320 2401 2407 2395 2410 2395 2525 2356 2534 2353 2539 2353 2638 2375 2640 2375 2643 2375 2646 2375 2691 2347 2764 2356 2767 2356 2851 2336 2862 2336 3010 2338 3023 2356 3070 2369 3137 2347 3154 2363 3170 2367 3183 2363 3216 2325 3294 2322 3328 2333 3331 2333 3334 2333 3336 2333 3370 2311 3373 2308 3381 2308 3468 2328 3471 2328 3474 2328 3477 2328 3508 2305 3811 2286 3811 2263 3805 2246 3776 2213"/></Shape>
	    <String CONTENT="En 778 Ch ecrit au pp que les Sarrasins"
                    HPOS="2161"
                    VPOS="2199"
                    WIDTH="1650"
                    HEIGHT="202"></String>
          </TextLine>
          <TextLine ID="eSc_line_95e71c70"
                    TAGREFS="LT80"
                    BASELINE="2110 2457 2537 2423 3505 2384" 
                    HPOS="2107"
                    VPOS="2319"
                    WIDTH="1395"
                    HEIGHT="194">
            <Shape><Polygon POINTS="2110 2504 2152 2513 2155 2513 2158 2513 2194 2502 2267 2474 2309 2490 2312 2490 2315 2490 2419 2485 2422 2485 2528 2454 2598 2454 2615 2468 2615 2471 2618 2471 2621 2471 2624 2471 2626 2471 2629 2471 2706 2460 2857 2443 2876 2459 2893 2474 2896 2474 2899 2474 2901 2476 2938 2476 2978 2480 3118 2462 3120 2462 3157 2443 3174 2431 3185 2440 3188 2443 3191 2443 3193 2443 3196 2443 3199 2443 3213 2440 3272 2423 3314 2431 3370 2445 3373 2445 3502 2420 3502 2375 3496 2325 3328 2338 3283 2319 3280 2319 3278 2319 3249 2339 3230 2353 3211 2344 3196 2352 3188 2364 3175 2373 3156 2364 3138 2362 3118 2359 3104 2367 3091 2380 3070 2383 3056 2381 3039 2365 3011 2351 2978 2382 2965 2381 2947 2384 2937 2364 2930 2352 2920 2346 2876 2344 2873 2344 2831 2344 2828 2344 2826 2344 2823 2344 2823 2347 2806 2364 2786 2347 2784 2347 2781 2347 2778 2347 2705 2360 2661 2373 2596 2378 2570 2359 2567 2359 2565 2359 2562 2359 2559 2359 2503 2387 2342 2421 2233 2403 2228 2403 2208 2389 2205 2389 2203 2389 2200 2389 2107 2409 2110 2457"/></Shape>
	    <String CONTENT="menacent l&#x27;Italie Jaffé, 2424"
                    HPOS="2107"
                    VPOS="2319"
                    WIDTH="1395"
                    HEIGHT="194"></String>
          </TextLine>
          <TextLine ID="eSc_line_2054976a"
                    TAGREFS="LT80"
                    BASELINE="2256 3624 2918 3545" 
                    HPOS="2245"
                    VPOS="3464"
                    WIDTH="673"
                    HEIGHT="204">
            <Shape><Polygon POINTS="2798 3497 2795 3497 2792 3497 2779 3464 2758 3472 2716 3519 2663 3525 2657 3523 2604 3500 2601 3500 2598 3500 2464 3517 2461 3517 2458 3517 2458 3520 2433 3542 2407 3565 2335 3570 2304 3551 2290 3542 2287 3542 2284 3542 2281 3542 2278 3542 2245 3553 2256 3624 2259 3663 2371 3668 2374 3668 2377 3668 2379 3668 2402 3649 2407 3646 2416 3649 2469 3657 2472 3657 2475 3657 2542 3635 2551 3632 2559 3632 2612 3640 2615 3640 2618 3640 2654 3624 2669 3615 2697 3618 2756 3624 2758 3624 2761 3624 2814 3604 2854 3593 2918 3593 2918 3545 2915 3542 2896 3503"/></Shape>
	    <String CONTENT="Venue p. Marseille"
                    HPOS="2245"
                    VPOS="3464"
                    WIDTH="673"
                    HEIGHT="204"></String>
          </TextLine>
        </TextBlock>
      </PrintSpace>
    </Page>
  </Layout>
</alto>
