3960 5049
3390.0 100.0 449.0 222.0 151

79.0 46.0 1049.0 149.0 les deux empereurs.

81.0 149.0 1908.0 150.0 Le pape parle à Charlemagne des "naves

66.0 240.0 2002.0 166.0 Graecorum gentis" qu'il a fait brûler à Civita

57.0 341.0 2017.0 140.0 Vecchia. Peut être ces navires remontaient-

78.0 434.0 1970.0 151.0 ils parfois un peu plus haut et c'est ainsi que

66.0 536.0 1979.0 150.0 s'expliqueraient leurs mentions au IXe s. s'il

62.0 629.0 1969.0 147.0 faut les admettre à Marseille et à Arles.

78.0 720.0 1979.0 179.0 Mais leur navigation gravite vers le Levant

80.0 819.0 1991.0 189.0 et son orbite est byzantine, ce qui ne les em¬

70.0 934.0 2034.0 171.0 pêche pas plus que les Vénitiens non seulmnt

76.0 1019.0 1964.0 174.0 d'entretenir des relations avec les ports arabes

62.0 1120.0 1997.0 182.0 d Afrique et d Espagne, mais même, comme

81.0 1229.0 2040.0 179.0 les Napolitains de venir parfois à la rescous¬

72.0 1336.0 2032.0 185.0 se de ceux-ci dans l'attaque de la Sicile. C'est

69.0 1435.0 2052.0 182.0 le tour d'esprit des fournisseurs de munitions

81.0 1565.0 1630.0 150.0 aux allemands pendant la guerre.

84.0 1652.0 1987.0 198.0 En 879 l'amiral grec envoyé à la défense de la

84.0 1762.0 2006.0 167.0 Sicile arrête de nombreux bateaux marchands

61.0 1851.0 2070.0 189.0 qui, malgré la guerre, faisaient le commerce entre

86.0 1955.0 1945.0 167.0 l'Italie et la Sicile. Il y prit de l'huile — preuve

63.0 2045.0 1986.0 188.0 qu'ils venaient d'Afrique — en telle quantité

70.0 2148.0 2001.0 187.0 que le prix de l'huile tomba à Constantinople

71.0 2285.0 1419.0 168.0 à un chiffre dérisoire ( Gay, 112).

109.0 2361.0 1936.0 190.0 Ce commerce des ports d l'Italie méridionale

67.0 2479.0 2039.0 170.0 avec les Musulmans était lui aussi un com¬

75.0 2579.0 2144.0 169.0 merce d'esclaves. Le pape le leur reproche (Gay, 35)

79.0 2689.0 2014.0 161.0 Déjà en 836 le traité entre Naples et le duc de

73.0 2785.0 2051.0 168.0 Bénévent reconnait aux marchands de la ville

77.0 2887.0 2057.0 159.0 la liberté commerciale la plus étendue ds le

76.0 2972.0 2121.0 204.0 duché qui, sans doute, ne peut se passer d'eux.

76.0 3078.0 2000.0 158.0 Mais il leur interdit d'acheter des esclaves

81.0 3183.0 1962.0 173.0 lombards pour faire la traite (Gay, 41-42)

76.0 3290.0 1995.0 159.0 ainsi donc ces esclaves venaient de Lombar¬

74.0 3381.0 2002.0 167.0 die, c. a. d. de l'Empire franc. On comprend que

73.0 3491.0 1930.0 163.0 le pape les ait fait brûler comme on a vu plus

70.0 3588.0 211.0 151.0 haut.

79.0 3681.0 1919.0 175.0 Et pourtant ces mêmes vendeurs de chair hu¬

90.0 3792.0 1902.0 195.0 maine en 849 remportent en faveur du

74.0 3895.0 1997.0 197.0 pape une grande victoire maritime devant

90.0 4005.0 1986.0 201.0 Ostie. Et s. Janvier est à Naples l'objet d'une

87.0 4112.0 1992.0 176.0 vénération aussi grande que celle de S. Marc

88.0 4235.0 417.0 139.0 à Venise.

88.0 4339.0 1969.0 157.0 De ces villes, Amalfi est la plus purement mar¬

86.0 4431.0 1916.0 167.0 chande. Elle n'a qu'un petit territoire monta¬

80.0 4538.0 1892.0 160.0 gneux dont les forêts lui fournissent le bois

79.0 4629.0 1908.0 171.0 pour ses vaisseaux. Ceux-ci cinglent jusqu'en

68.0 4717.0 661.0 211.0 Syrie (Gay, 249).

2143.0 3868.0 660.0 160.0 Jaffé p. 330.
