3960 5049
3479 34 420 190 121

70 28 1984 170 La conquête arabe qui se déclenche à la fois

53 115 1987 152 sur l Europe et sur l 'Asie est sans précédents et

47 196 1987 148 ne peut trouver pour la rapidité de ses succès que

47 278 1909 178 les Empires mongols d'un Attila ou plus tard

37 350 2008 181 d'un <...> Genghis Khan ou d'un Tamerlan.

42 426 1970 218 Mais ceux-ci furent éphémères autant qu'elle

44 535 2007 183 fut durable. La religion a encore ses fidèles au¬

42 628 1992 212 jourd'hui partout où elle l'a imposée sous les

51 737 1961 188 premiers khalifes. C'est un miracle par oppo¬

28 838 1959 180 sition à la lente diffusion du Christianisme.

47 917 1970 202 A côté de cette irruption que sont les conquêtes

50 1029 1987 188 si longtemps arrêtées et si peu prenantes des Ger¬

35 1141 1980 178 mains. Ceux-ci après des siècles ont fini par

49 1234 2036 182 ronger le bord de la Romania. Pour les Arabes,

39 1333 2026 212 c est par pans entiers que croulent l'<..>Empire

64 1478 528 164 devant eux.

51 1576 2000 176 En 634, les Arabes s'emparent de la forteresse

57 1683 2047 171 Byzantine de Bothra (Bosra) au delà du Jour¬

64 1809 1973 155 dain ; en 635, Damas tombe devant eux ; en

54 1896 2090 207 36 la bataille du Yarmouk leur donne toute

42 2009 2051 171 la Syrie, en 637 ou 638 Jérusalem leur ouvre

47 2112 2108 178 ses portes - cependant que vers l'Asie ils conquiè¬

49 2218 1561 146 rent la Mésopotamie et la Perse.

57 2307 1988 196 Et l Egypte est attaquée à son tour. Après la

34 2407 1981 196 mort d'Héraclius (641) les Arabes occupent

34 2525 2009 184 Alexandrie puis tout le pays. Et l'expansion

43 2628 1973 192 continue toujours. Le conquérant attaque

42 2729 2032 185 les possessions byzantines de l'Afrique du Nord.

134 2865 1996 161 Tout cela s'explique sans doute par l'impré¬

45 2949 2118 167 vu, le déroutement des armées byzantines et pousse

58 3059 2035 155 devant une nouvelle manière de combattre.

53 3169 2063 157 par le mécontentement religieux et national

56 3270 2148 160 des monophysites et des Nestoriens de Syrie à qui l Em¬

45 3372 2051 148 pire ne veut faire nulle concession, par celui de

68 3468 2014 172 l Eglise Kopte d Egypte et la mauvaise organisa¬

38 3557 2002 183 tion militaire du pays (Vassil. I, 276-77). Cela

58 3673 2131 164 explique, mais ce n'est pas suffisant. Car à toute

65 3795 2028 162 evidence l'immensité des résultats acquis est

50 3864 2147 179 hors de de proportion avec l importance du conqué¬

62 3985 257 124 rant.

87 4103 2051 192 La grande question est ici. Pourquoi les Ara¬

87 4217 1867 157 bes qui n'étaient certainement pas plus

89 4352 1926 153 nombreux que les Germains ne se sont-ils pas

95 4440 1948 158 fondus comme eux tout de suite dans les

102 4548 1983 177 régions de civilisation supérieure dont ils se

77 4643 2061 170 sont emparés ? Tout est là. Et ici il n'est qu'une

70 4757 1465 143 réponse et elle est d'ordre moral.

2153 692 347 126 presque

2108 2555 1689 177 Le voilà riverain de cette Méditerranée

2107 2639 1552 204 lui l'asiatique, de la mer d'Europe.

2324 2886 1529 245 Pour Halphen, Barbares ? p.132 "si les

2211 2998 1586 202 Arabes ont vaincu c'est que le monde

2180 3093 1659 232 auquel ils s'attaquaient était prêt à tom¬

2234 3257 732 120 ¬ber en ruines".

2121 3401 831 158 et l faiblesse des Perses

3059 3236 783 171 Dawson p. 153 voit

3053 3338 850 132 ds l'enthousiasme re¬

3041 3440 862 138 ligieux la cause essen¬

3040 3525 689 164 tielle des conquêtes.
