<?xml version="1.0" encoding="UTF-8"?>
<alto xmlns:xsi="http://www.w3.org/2001/XMLSchema-instance"
      xmlns="http://www.loc.gov/standards/alto/ns-v4#"
      xsi:schemaLocation="http://www.loc.gov/standards/alto/ns-v4# http://www.loc.gov/standards/alto/v4/alto-4-2.xsd">
  <Description>
    <MeasurementUnit>pixel</MeasurementUnit>
    <sourceImageInformation>
      <fileName>Image00183.tif</fileName>
    </sourceImageInformation>
  </Description>
  <Tags>
    <OtherTag ID="BT1" LABEL="Title" DESCRIPTION="block type Title"/><OtherTag ID="BT2" LABEL="Main" DESCRIPTION="block type Main"/><OtherTag ID="BT3" LABEL="Commentary" DESCRIPTION="block type Commentary"/><OtherTag ID="BT4" LABEL="Illustration" DESCRIPTION="block type Illustration"/><OtherTag ID="BT138" LABEL="TitlePageZone" DESCRIPTION="block type TitlePageZone"/><OtherTag ID="BT139" LABEL="MainZone" DESCRIPTION="block type MainZone"/><OtherTag ID="BT140" LABEL="MarginTextZone" DESCRIPTION="block type MarginTextZone"/><OtherTag ID="BT141" LABEL="NumberingZone" DESCRIPTION="block type NumberingZone"/><OtherTag ID="BT142" LABEL="CustomZone:Numbering" DESCRIPTION="block type CustomZone:Numbering"/>
    <OtherTag ID="LT80" LABEL="DefaultLine" DESCRIPTION="line type DefaultLine"/><OtherTag ID="LT81" LABEL="InterlinearLine:correction" DESCRIPTION="line type InterlinearLine:correction"/><OtherTag ID="LT82" LABEL="InterlinearLine:addition" DESCRIPTION="line type InterlinearLine:addition"/><OtherTag ID="LT83" LABEL="HeadingLine" DESCRIPTION="line type HeadingLine"/>
  </Tags>
  <Layout>
    <Page WIDTH="3978"
          HEIGHT="5058"
          PHYSICAL_IMG_NR="182"
          ID="eSc_dummypage_">
      <PrintSpace HPOS="0"
                  VPOS="0"
                  WIDTH="3978"
                  HEIGHT="5058">
        <TextBlock HPOS="3424.0"
                   VPOS="95.0"
                   WIDTH="460.0"
                   HEIGHT="347.0"
                   ID="3fdc1fbb-176b-4d36-8d5e-11a2c1f3f22c"
                   TAGREFS="BT141">
          <Shape><Polygon POINTS="3884 95 3884 442 3424 442 3424 95"/></Shape>
          <TextLine ID="eSc_line_602c3ee3"
                    TAGREFS="LT80"
                    BASELINE="3473 231 3805 366" 
                    HPOS="3421.0"
                    VPOS="96.0"
                    WIDTH="434.0"
                    HEIGHT="401.0">
            <Shape><Polygon POINTS="3421 370 3526 459 3530 459 3535 459 3745 497 3832 384 3855 177 3518 96 3447 246"/></Shape>
	    <String CONTENT="179"
                    HPOS="3421.0"
                    VPOS="96.0"
                    WIDTH="434.0"
                    HEIGHT="401.0"></String>
          </TextLine>
        </TextBlock>
        <TextBlock HPOS="32.0"
                   VPOS="37.0"
                   WIDTH="2210.0"
                   HEIGHT="4973.0"
                   ID="ac26bc06-4dc8-428b-bac9-c32c81ddbe5e"
                   TAGREFS="BT139">
          <Shape><Polygon POINTS="2219 106 2169 269 2169 1796 2170 2213 2151 2305 2242 2506 2137 2771 2144 3026 2228 3223 2179 3444 2158 3774 2168 3939 2151 4046 2130 4182 2170 5010 1153 4967 221 4977 63 4884 49 2681 45 2105 32 37 1611 37"/></Shape>
          <TextLine ID="eSc_line_889bb20b"
                    TAGREFS="LT80"
                    BASELINE="117 139 400 161 574 149 2205 158" 
                    HPOS="86.0"
                    VPOS="67.0"
                    WIDTH="2132.0"
                    HEIGHT="138.0">
            <Shape><Polygon POINTS="839 173 1473 181 1594 181 2126 198 2218 175 2206 139 2193 97 1976 80 1881 81 1772 88 1666 80 1587 81 1430 80 1348 73 1330 78 1286 67 1137 74 894 84 745 76 702 71 620 84 565 80 435 75 305 78 231 78 160 67 87 104 86 203 151 176 337 205 590 190"/></Shape>
	    <String CONTENT="pouvait arrêter l&#x27;invasion vu les trop fai¬"
                    HPOS="86.0"
                    VPOS="67.0"
                    WIDTH="2132.0"
                    HEIGHT="138.0"
                    WC="0.9994035501812779"></String>
          </TextLine>
          <TextLine ID="eSc_line_dcc74b9f"
                    TAGREFS="LT80"
                    BASELINE="115 231 304 267 2140 253" 
                    HPOS="61.0"
                    VPOS="176.0"
                    WIDTH="2091.0"
                    HEIGHT="170.0">
            <Shape><Polygon POINTS="160 181 61 220 95 272 220 295 265 297 325 315 402 315 488 316 588 308 742 346 856 282 937 311 989 295 1035 304 1093 303 1127 313 1153 301 1195 289 1295 279 1319 300 1376 305 1455 282 1635 285 1743 272 1960 274 2026 305 2152 284 2146 237 1958 194 1905 212 1699 195 1454 190 1034 208 837 176 594 200"/></Shape>
	    <String CONTENT="bles effectifs. Déjà en 575 ou 576 Baduarius en¬"
                    HPOS="61.0"
                    VPOS="176.0"
                    WIDTH="2091.0"
                    HEIGHT="170.0"></String>
          </TextLine>
          <TextLine ID="eSc_line_f87e7c86"
                    TAGREFS="LT80"
                    BASELINE="94 335 256 376 705 370 1329 353 1353 353 2134 345" 
                    HPOS="59.0"
                    VPOS="281.0"
                    WIDTH="2112.0"
                    HEIGHT="141.0">
            <Shape><Polygon POINTS="59 351 112 377 188 419 315 421 615 400 751 422 1101 384 2127 386 2171 333 1962 296 1922 341 1775 289 1698 333 1652 295 1471 283 1373 311 1298 291 1149 317 846 311 742 349 662 322 368 328 104 281"/></Shape>
	    <String CONTENT="voyé par l&#x27;empereur avait été battu. Et au"
                    HPOS="59.0"
                    VPOS="281.0"
                    WIDTH="2112.0"
                    HEIGHT="141.0"></String>
          </TextLine>
          <TextLine ID="eSc_line_719a2e6e"
                    TAGREFS="LT80"
                    BASELINE="103 450 347 482 602 462 2115 446" 
                    HPOS="72.0"
                    VPOS="382.0"
                    WIDTH="2086.0"
                    HEIGHT="155.0">
            <Shape><Polygon POINTS="395 537 567 486 2090 501 2158 382 88 408 72 482"/></Shape>
	    <String CONTENT="sénat, qui demandait des troupes Justin II"
                    HPOS="72.0"
                    VPOS="382.0"
                    WIDTH="2086.0"
                    HEIGHT="155.0"></String>
          </TextLine>
          <TextLine ID="eSc_line_d3c7a0ab"
                    TAGREFS="LT80"
                    BASELINE="89 534 236 570 364 576 2109 526" 
                    HPOS="70.0"
                    VPOS="466.0"
                    WIDTH="2048.0"
                    HEIGHT="147.0">
            <Shape><Polygon POINTS="1749 519 1708 490 1616 494 1580 509 1356 485 1252 466 1200 496 1145 485 1090 488 1061 503 1015 488 984 481 947 500 927 498 869 506 826 503 755 493 665 493 531 497 463 502 406 540 391 535 364 531 345 501 99 490 70 517 84 585 314 598 551 602 662 598 771 613 845 589 1019 580 1116 594 1364 582 2012 571 2072 606 2118 541 2111 484 1970 502 1874 488 1828 484"/></Shape>
	    <String CONTENT="conseillait d&#x27;appeler les Francs à l&#x27;aide et de"
                    HPOS="70.0"
                    VPOS="466.0"
                    WIDTH="2048.0"
                    HEIGHT="147.0"></String>
          </TextLine>
          <TextLine ID="eSc_line_691ad720"
                    TAGREFS="LT80"
                    BASELINE="92 623 231 656 627 649 2126 632" 
                    HPOS="73.0"
                    VPOS="576.0"
                    WIDTH="2118.0"
                    HEIGHT="110.0">
            <Shape><Polygon POINTS="73 686 2191 668 2008 578 851 592 781 621 85 576"/></Shape>
	    <String CONTENT="combattre les Lombards par l&#x27;or. On finits par"
                    HPOS="73.0"
                    VPOS="576.0"
                    WIDTH="2118.0"
                    HEIGHT="110.0"></String>
          </TextLine>
          <TextLine ID="eSc_line_1cd26e08"
                    TAGREFS="LT80"
                    BASELINE="77 704 169 745 255 761 500 754 1697 722 2071 729" 
                    HPOS="56.0"
                    VPOS="671.0"
                    WIDTH="2066.0"
                    HEIGHT="130.0">
            <Shape><Polygon POINTS="56 735 149 763 252 801 711 780 819 763 894 784 936 787 991 773 1059 769 1151 748 1223 764 1430 780 1500 749 1584 762 2004 754 2060 782 2122 676 1920 675 1834 671 1702 700 1507 675 1196 695 405 703 91 673"/></Shape>
	    <String CONTENT="s entendre avec eux sous l&#x27;Empereur Tibère II"
                    HPOS="56.0"
                    VPOS="671.0"
                    WIDTH="2066.0"
                    HEIGHT="130.0"></String>
          </TextLine>
          <TextLine ID="eSc_line_69031b31"
                    TAGREFS="LT80"
                    BASELINE="89 814 307 855 2071 796" 
                    HPOS="50.0"
                    VPOS="748.0"
                    WIDTH="2083.0"
                    HEIGHT="161.0">
            <Shape><Polygon POINTS="921 793 821 767 255 811 129 758 78 780 50 858 210 892 323 880 449 909 509 879 544 878 697 871 843 891 1039 865 1242 860 1329 895 1378 861 1457 881 1513 860 1676 840 2133 824 2004 759 1581 767 1502 752 1439 796 1251 776 1143 748 1061 781"/></Shape>
	    <String CONTENT="(578-582) dont le pape Pelage II seconda les"
                    HPOS="50.0"
                    VPOS="748.0"
                    WIDTH="2083.0"
                    HEIGHT="161.0"></String>
          </TextLine>
          <TextLine ID="eSc_line_68f4d212"
                    TAGREFS="LT80"
                    BASELINE="82 912 203 940 356 954 480 944 1254 922 1542 914 2129 904" 
                    HPOS="49.0"
                    VPOS="821.0"
                    WIDTH="2099.0"
                    HEIGHT="163.0">
            <Shape><Polygon POINTS="269 984 2141 934 2148 821 1316 877 49 881 98 971"/></Shape>
	    <String CONTENT="efforts. Les Lombards à Spolète et Bénévent la"
                    HPOS="49.0"
                    VPOS="821.0"
                    WIDTH="2099.0"
                    HEIGHT="163.0"></String>
          </TextLine>
          <TextLine ID="eSc_line_e08d59b1"
                    TAGREFS="LT80"
                    BASELINE="81 1003 247 1047 842 1041 899 1020 2101 977" 
                    HPOS="77.0"
                    VPOS="927.0"
                    WIDTH="2075.0"
                    HEIGHT="151.0">
            <Shape><Polygon POINTS="186 1056 232 1070 302 1078 353 1078 422 1071 562 1071 667 1063 746 1072 784 1074 949 1049 978 1056 1017 1056 1214 1066 1219 1066 1333 1041 1354 1036 1396 1036 1541 1075 1598 1053 1767 1028 1818 1030 1872 1024 1906 1036 2152 1015 2093 927 1982 957 1893 928 1526 944 1119 976 1080 949 1019 975 940 966 868 975 822 978 348 986 130 968 77 989 89 1038"/></Shape>
	    <String CONTENT="situation devient terrible pour Rome entourée"
                    HPOS="77.0"
                    VPOS="927.0"
                    WIDTH="2075.0"
                    HEIGHT="151.0"></String>
          </TextLine>
          <TextLine ID="eSc_line_31d2d119"
                    TAGREFS="LT80"
                    BASELINE="73 1092 297 1138 739 1124" 
                    HPOS="45.0"
                    VPOS="1036.0"
                    WIDTH="698.0"
                    HEIGHT="136.0">
            <Shape><Polygon POINTS="75 1150 473 1172 736 1151 743 1074 270 1088 67 1036 45 1097"/></Shape>
	    <String CONTENT="de toutes part."
                    HPOS="45.0"
                    VPOS="1036.0"
                    WIDTH="698.0"
                    HEIGHT="136.0"
                    WC="0.9595750133196513"></String>
          </TextLine>
          <TextLine ID="eSc_line_b0abfce7"
                    TAGREFS="LT80"
                    BASELINE="95 1215 289 1261 356 1249 2111 1210" 
                    HPOS="51.0"
                    VPOS="1138.0"
                    WIDTH="2049.0"
                    HEIGHT="159.0">
            <Shape><Polygon POINTS="296 1191 108 1153 51 1271 343 1297 658 1285 662 1285 770 1281 1157 1267 1285 1293 1320 1281 1324 1281 1373 1266 1442 1288 1463 1281 1468 1281 1472 1281 1506 1273 1539 1277 1543 1277 1548 1277 1585 1275 1670 1256 1755 1248 1864 1284 2093 1229 2100 1197 2090 1138 643 1179 443 1185"/></Shape>
	    <String CONTENT="Mais c&#x27;est à ce moment que Grégoire le Grand"
                    HPOS="51.0"
                    VPOS="1138.0"
                    WIDTH="2049.0"
                    HEIGHT="159.0"></String>
          </TextLine>
          <TextLine ID="eSc_line_5f7b42d5"
                    TAGREFS="LT80"
                    BASELINE="86 1310 191 1354 399 1365 771 1354 1198 1344 2105 1310" 
                    HPOS="73.0"
                    VPOS="1242.0"
                    WIDTH="2078.0"
                    HEIGHT="179.0">
            <Shape><Polygon POINTS="92 1364 372 1410 396 1403 839 1374 1020 1403 1025 1403 1149 1421 1227 1395 1231 1395 1231 1390 1295 1382 1489 1395 1493 1395 1497 1395 1569 1365 1645 1390 1649 1390 1653 1390 1657 1390 1773 1355 1851 1386 1856 1386 1860 1386 1864 1386 1983 1388 2098 1348 2151 1312 2094 1242 1989 1263 1861 1287 1817 1276 1753 1250 1648 1270 1548 1289 1391 1289 1288 1302 1187 1284 1143 1285 1108 1280 1020 1281 908 1270 827 1284 434 1311 78 1275 73 1320"/></Shape>
	    <String CONTENT="monte sur le trône (590-604). Le péril pl gd"
                    HPOS="73.0"
                    VPOS="1242.0"
                    WIDTH="2078.0"
                    HEIGHT="179.0"></String>
          </TextLine>
          <TextLine ID="eSc_line_ab0f1814"
                    TAGREFS="LT80"
                    BASELINE="80 1427 249 1469 694 1470 1035 1466 1179 1464 1263 1455 2109 1429" 
                    HPOS="53.0"
                    VPOS="1369.0"
                    WIDTH="2095.0"
                    HEIGHT="163.0">
            <Shape><Polygon POINTS="72 1500 127 1492 175 1513 189 1521 194 1521 198 1521 236 1532 598 1506 897 1529 1046 1508 1050 1508 1054 1508 1122 1509 1163 1496 1214 1487 1328 1496 1331 1496 1784 1466 1994 1480 2081 1463 2148 1436 2076 1369 1997 1396 1730 1376 1486 1412 1201 1405 1146 1435 1045 1412 856 1386 612 1396 391 1429 90 1384 53 1444"/></Shape>
	    <String CONTENT="que jamais. En 592 les communications tout"
                    HPOS="53.0"
                    VPOS="1369.0"
                    WIDTH="2095.0"
                    HEIGHT="163.0"></String>
          </TextLine>
          <TextLine ID="eSc_line_4108e4a3"
                    TAGREFS="LT80"
                    BASELINE="73 1525 221 1582 2155 1542" 
                    HPOS="32.0"
                    VPOS="1475.0"
                    WIDTH="2127.0"
                    HEIGHT="167.0">
            <Shape><Polygon POINTS="226 1547 91 1488 32 1552 206 1615 413 1601 788 1618 819 1642 874 1610 1134 1589 1164 1601 1252 1624 1278 1610 1282 1610 1286 1610 1311 1589 1320 1584 1703 1589 1754 1587 1802 1591 1809 1605 1813 1605 1843 1608 1927 1584 1972 1576 2159 1577 2139 1497 1787 1475 1210 1502 903 1539 574 1513"/></Shape>
	    <String CONTENT="rompues entre Rome et Ravenne. Ariulf le duc"
                    HPOS="32.0"
                    VPOS="1475.0"
                    WIDTH="2127.0"
                    HEIGHT="167.0"></String>
          </TextLine>
          <TextLine ID="eSc_line_1c89bbbc"
                    TAGREFS="LT80"
                    BASELINE="65 1635 175 1662 218 1684 524 1690 1099 1675 1339 1671 1419 1670 2147 1656" 
                    HPOS="37.0"
                    VPOS="1588.0"
                    WIDTH="2105.0"
                    HEIGHT="151.0">
            <Shape><Polygon POINTS="230 1739 1339 1694 2142 1690 2140 1617 1854 1616 1741 1594 1263 1628 882 1627 830 1649 707 1623 210 1624 37 1588 41 1673"/></Shape>
	    <String CONTENT="de Spolète arrive devant les murs de Rome et en"
                    HPOS="37.0"
                    VPOS="1588.0"
                    WIDTH="2105.0"
                    HEIGHT="151.0"></String>
          </TextLine>
          <TextLine ID="eSc_line_ea3f0d03"
                    TAGREFS="LT80"
                    BASELINE="105 1765 237 1809 681 1793 781 1789 1341 1770 1375 1771 2164 1785" 
                    HPOS="58.0"
                    VPOS="1699.0"
                    WIDTH="2116.0"
                    HEIGHT="157.0">
            <Shape><Polygon POINTS="58 1771 92 1807 138 1851 162 1842 207 1844 261 1840 371 1850 375 1850 1071 1816 1151 1816 1284 1799 1271 1846 1291 1841 1316 1802 1478 1803 1494 1821 1507 1820 1534 1801 1655 1856 1718 1830 1750 1809 2159 1812 2174 1785 2155 1707 1334 1700 451 1757 180 1738 105 1699"/></Shape>
	    <String CONTENT="593 c&#x27;est au tour du roi Agilulf à y paraître."
                    HPOS="58.0"
                    VPOS="1699.0"
                    WIDTH="2116.0"
                    HEIGHT="157.0"></String>
          </TextLine>
          <TextLine ID="eSc_line_838ed769"
                    TAGREFS="LT80"
                    BASELINE="105 1883 217 1908 459 1908 1419 1888 1529 1886 2046 1884" 
                    HPOS="92.0"
                    VPOS="1816.0"
                    WIDTH="1971.0"
                    HEIGHT="145.0">
            <Shape><Polygon POINTS="97 1927 128 1917 204 1948 356 1931 801 1944 1217 1927 1297 1958 1319 1932 1396 1938 1429 1961 1487 1939 1550 1931 1591 1947 1638 1931 1691 1943 1704 1943 1767 1917 2056 1922 2063 1870 2039 1819 1753 1816 1704 1856 1655 1862 1621 1841 1557 1862 1360 1855 1284 1847 1259 1864 1120 1827 512 1860 239 1865 141 1844 102 1851 92 1888"/></Shape>
	    <String CONTENT="Et pour sauver la ville il n&#x27;y a que Grégoire. Il"
                    HPOS="92.0"
                    VPOS="1816.0"
                    WIDTH="1971.0"
                    HEIGHT="145.0"></String>
          </TextLine>
          <TextLine ID="eSc_line_848e1426"
                    TAGREFS="LT80"
                    BASELINE="98 1961 246 2004 573 2007 1319 1991 1390 2001 2119 1967" 
                    HPOS="68.0"
                    VPOS="1922.0"
                    WIDTH="2049.0"
                    HEIGHT="126.0">
            <Shape><Polygon POINTS="108 2008 153 2045 265 2048 691 2046 815 2032 864 2035 864 2040 1071 2018 1088 2018 1198 2035 1498 2026 1666 2023 1965 2018 2117 1985 2117 1955 2081 1923 1678 1952 1596 1946 1559 1945 1527 1949 1476 1957 1395 1966 1343 1935 1316 1939 1287 1974 1251 1956 1221 1942 1014 1933 725 1956 349 1933 200 1962 123 1922 68 1962"/></Shape>
	    <String CONTENT="s y dévoue pr lui sans doute mais aussi pour"
                    HPOS="68.0"
                    VPOS="1922.0"
                    WIDTH="2049.0"
                    HEIGHT="126.0"></String>
          </TextLine>
          <TextLine ID="eSc_line_bcf64db8"
                    TAGREFS="LT80"
                    BASELINE="88 2065 261 2117 788 2094 904 2091 1623 2075 2100 2065" 
                    HPOS="52.0"
                    VPOS="2012.0"
                    WIDTH="2044.0"
                    HEIGHT="153.0">
            <Shape><Polygon POINTS="52 2099 209 2129 289 2165 733 2134 822 2156 1245 2135 1295 2141 1408 2115 1501 2137 1505 2137 1510 2137 1746 2111 1944 2128 1948 2128 2096 2099 2096 2061 2069 2017 533 2059 164 2051 86 2012"/></Shape>
	    <String CONTENT="l empereur auquel il reproche pourtant de"
                    HPOS="52.0"
                    VPOS="2012.0"
                    WIDTH="2044.0"
                    HEIGHT="153.0"></String>
          </TextLine>
          <TextLine ID="eSc_line_fd431952"
                    TAGREFS="LT80"
                    BASELINE="109 2174 284 2214 1033 2205 2166 2191" 
                    HPOS="68.0"
                    VPOS="2112.0"
                    WIDTH="2116.0"
                    HEIGHT="154.0">
            <Shape><Polygon POINTS="286 2173 208 2133 108 2112 68 2207 414 2266 531 2243 742 2255 746 2255 788 2233 958 2265 1041 2233 1168 2232 1202 2239 1240 2228 1265 2238 1327 2228 1428 2232 1484 2250 1489 2250 1687 2242 1978 2225 2058 2242 2062 2242 2067 2242 2071 2242 2075 2242 2105 2221 2152 2242 2184 2205 2168 2145 2008 2123 1972 2125 1944 2141 1803 2141 1309 2147 822 2166 711 2145"/></Shape>
	    <String CONTENT="laisser prendre au patriarche de Constantinople"
                    HPOS="68.0"
                    VPOS="2112.0"
                    WIDTH="2116.0"
                    HEIGHT="154.0"></String>
          </TextLine>
          <TextLine ID="eSc_line_9b2062ae"
                    TAGREFS="LT80"
                    BASELINE="104 2262 177 2299 402 2316 462 2306 1813 2302 2090 2291 2133 2310" 
                    HPOS="72.0"
                    VPOS="2206.0"
                    WIDTH="2067.0"
                    HEIGHT="166.0">
            <Shape><Polygon POINTS="447 2277 104 2206 72 2306 393 2361 536 2344 566 2341 597 2327 654 2329 869 2326 950 2326 1072 2327 1067 2356 1073 2372 1210 2338 1279 2340 1509 2339 2139 2339 2138 2245 1591 2262 1383 2233 1043 2237 955 2274 517 2246"/></Shape>
	    <String CONTENT="le titre d&#x27;oecumenique. Plocas lui donna"
                    HPOS="72.0"
                    VPOS="2206.0"
                    WIDTH="2067.0"
                    HEIGHT="166.0"></String>
          </TextLine>
          <TextLine ID="eSc_line_81d84e83"
                    TAGREFS="LT80"
                    BASELINE="108 2360 177 2397 265 2418 537 2417 925 2416 1212 2416 2079 2377" 
                    HPOS="90.0"
                    VPOS="2323.0"
                    WIDTH="1997.0"
                    HEIGHT="152.0">
            <Shape><Polygon POINTS="257 2461 306 2475 397 2445 775 2461 1116 2448 1175 2447 1230 2467 1327 2441 1787 2422 1843 2436 1847 2436 1851 2436 2087 2413 2075 2347 1693 2339 1078 2372 1062 2363 810 2360 641 2389 606 2332 485 2369 359 2358 143 2323 90 2340 99 2405"/></Shape>
	    <String CONTENT="satisfaction de ce côté en reconnaissant le"
                    HPOS="90.0"
                    VPOS="2323.0"
                    WIDTH="1997.0"
                    HEIGHT="152.0"></String>
          </TextLine>
          <TextLine ID="eSc_line_10f853bf"
                    TAGREFS="LT80"
                    BASELINE="102 2461 193 2508 536 2529 2223 2491" 
                    HPOS="72.0"
                    VPOS="2417.0"
                    WIDTH="2177.0"
                    HEIGHT="160.0">
            <Shape><Polygon POINTS="172 2555 289 2545 431 2577 600 2552 1953 2543 1978 2566 2249 2521 2197 2432 2025 2419 1995 2424 1959 2428 1932 2441 1880 2444 1816 2447 1710 2435 1597 2430 1468 2432 1354 2440 1329 2449 1276 2454 1240 2470 1208 2474 1199 2468 1171 2451 1151 2458 1076 2458 1001 2458 939 2455 739 2473 426 2453 385 2462 353 2471 310 2483 278 2478 248 2476 134 2417 72 2448 95 2499"/></Shape>
	    <String CONTENT="siege de Rome comme &quot;la tête de toutes le Eglises&quot;"
                    HPOS="72.0"
                    VPOS="2417.0"
                    WIDTH="2177.0"
                    HEIGHT="160.0"></String>
          </TextLine>
          <TextLine ID="eSc_line_eb740254"
                    TAGREFS="LT80"
                    BASELINE="100 2579 384 2631 465 2614 883 2632 2164 2600" 
                    HPOS="58.0"
                    VPOS="2509.0"
                    WIDTH="2140.0"
                    HEIGHT="168.0">
            <Shape><Polygon POINTS="58 2596 146 2652 611 2672 862 2661 1190 2677 1357 2643 1561 2667 2137 2665 2198 2549 1971 2570 1915 2546 603 2560 420 2580 174 2563 98 2509"/></Shape>
	    <String CONTENT="De là la colonne sur le forum (Vassil. 228)"
                    HPOS="58.0"
                    VPOS="2509.0"
                    WIDTH="2140.0"
                    HEIGHT="168.0"></String>
          </TextLine>
          <TextLine ID="eSc_line_7c930a67"
                    TAGREFS="LT80"
                    BASELINE="134 2703 233 2748 2100 2701" 
                    HPOS="110.0"
                    VPOS="2664.0"
                    WIDTH="1987.0"
                    HEIGHT="116.0">
            <Shape><Polygon POINTS="1934 2754 2092 2729 2097 2664 136 2666 110 2716 189 2780"/></Shape>
	    <String CONTENT="On sait combien cet abandon du pape dans"
                    HPOS="110.0"
                    VPOS="2664.0"
                    WIDTH="1987.0"
                    HEIGHT="116.0"></String>
          </TextLine>
          <TextLine ID="eSc_line_74b65c09"
                    TAGREFS="LT80"
                    BASELINE="91 2780 275 2841 2128 2813" 
                    HPOS="62.0"
                    VPOS="2721.0"
                    WIDTH="2084.0"
                    HEIGHT="167.0">
            <Shape><Polygon POINTS="212 2847 392 2881 496 2888 588 2862 838 2866 957 2883 999 2861 1082 2880 1160 2866 1216 2858 1619 2840 1753 2867 1805 2832 2005 2870 2039 2851 2077 2843 2135 2842 2146 2811 2119 2771 2028 2734 1983 2744 1933 2756 1862 2765 1731 2770 1639 2767 1597 2781 1573 2765 1451 2765 1399 2752 1362 2760 1302 2779 1274 2782 977 2780 915 2773 781 2775 173 2779 144 2733 99 2721 62 2772 136 2853"/></Shape>
	    <String CONTENT="Rome augmente son pouvoir et son prestige."
                    HPOS="62.0"
                    VPOS="2721.0"
                    WIDTH="2084.0"
                    HEIGHT="167.0"></String>
          </TextLine>
          <TextLine ID="eSc_line_e57efaea"
                    TAGREFS="LT80"
                    BASELINE="90 2864 279 2935 660 2931 2155 2895" 
                    HPOS="58.0"
                    VPOS="2813.0"
                    WIDTH="2093.0"
                    HEIGHT="183.0">
            <Shape><Polygon POINTS="58 2913 372 2996 550 2985 594 2984 682 2956 888 2957 949 2980 953 2980 995 2990 1061 2955 1127 2961 1181 2975 1185 2975 1210 2975 1273 2949 1642 2935 1741 2935 1811 2950 1866 2923 2149 2918 2151 2891 2076 2845 2000 2886 1930 2860 1804 2842 1760 2870 1573 2851 1094 2885 680 2871 516 2893 336 2900 140 2854 88 2813"/></Shape>
	    <String CONTENT="C&#x27;est en 596 qu&#x27;il envoya ses premières missions de"
                    HPOS="58.0"
                    VPOS="2813.0"
                    WIDTH="2093.0"
                    HEIGHT="183.0"></String>
          </TextLine>
          <TextLine ID="eSc_line_43bb0bc2"
                    TAGREFS="LT80"
                    BASELINE="86 2968 199 3022 369 3039 859 3027 1890 3001 2115 3002" 
                    HPOS="58.0"
                    VPOS="2928.0"
                    WIDTH="2071.0"
                    HEIGHT="160.0">
            <Shape><Polygon POINTS="195 3053 236 3062 288 3070 316 3072 320 3072 324 3072 370 3070 431 3072 483 3070 606 3074 642 3088 673 3060 759 3069 807 3050 999 3047 1096 3064 1101 3064 1105 3064 1160 3043 1172 3039 1328 3043 1902 3038 1951 3063 2129 3026 2119 2971 1857 2947 1794 2969 1735 2984 1635 2941 1260 2962 1158 2991 1040 2971 995 2994 810 2974 728 2962 565 2992 490 2999 377 3011 246 2983 95 2928 58 2960 73 3019"/></Shape>
	    <String CONTENT="moines en Angleterre sous la conduite d&#x27;Augus¬"
                    HPOS="58.0"
                    VPOS="2928.0"
                    WIDTH="2071.0"
                    HEIGHT="160.0"></String>
          </TextLine>
          <TextLine ID="eSc_line_18847c16"
                    TAGREFS="LT80"
                    BASELINE="97 3080 259 3145 690 3132 968 3123 2085 3077" 
                    HPOS="84.0"
                    VPOS="3031.0"
                    WIDTH="1984.0"
                    HEIGHT="159.0">
            <Shape><Polygon POINTS="266 3186 788 3165 885 3140 932 3161 1015 3188 1084 3160 1104 3190 1204 3152 1324 3149 1396 3132 1771 3135 1833 3122 2068 3116 2067 3072 2044 3037 1952 3068 1896 3045 1513 3036 1448 3049 1377 3059 821 3057 757 3078 672 3070 646 3099 630 3104 612 3086 543 3084 294 3080 112 3031 84 3076 89 3129"/></Shape>
	    <String CONTENT="tin. Son but était de gagner des âmes et il ne"
                    HPOS="84.0"
                    VPOS="3031.0"
                    WIDTH="1984.0"
                    HEIGHT="159.0"></String>
          </TextLine>
          <TextLine ID="eSc_line_5a59ef5b"
                    TAGREFS="LT80"
                    BASELINE="87 3193 266 3255 489 3247 1501 3190 1708 3186 2164 3178" 
                    HPOS="58.0"
                    VPOS="3112.0"
                    WIDTH="2102.0"
                    HEIGHT="186.0">
            <Shape><Polygon POINTS="1100 3196 1089 3176 1036 3195 1008 3191 906 3157 575 3180 244 3209 95 3137 58 3234 418 3298 617 3271 899 3298 972 3261 1153 3268 1284 3241 1724 3250 1860 3211 1986 3228 2160 3211 2159 3173 2155 3119 2068 3112 1915 3135 1730 3142 1657 3131 1618 3152 1566 3139 1542 3140 1473 3139 1412 3137 1369 3159 1330 3161 1275 3157 1162 3170"/></Shape>
	    <String CONTENT="pouvait se douter qu&#x27;il fondait là ce qui allait"
                    HPOS="58.0"
                    VPOS="3112.0"
                    WIDTH="2102.0"
                    HEIGHT="186.0"></String>
          </TextLine>
          <TextLine ID="eSc_line_08aa1d0f"
                    TAGREFS="LT80"
                    BASELINE="92 3299 363 3360 647 3346 2191 3303" 
                    HPOS="71.0"
                    VPOS="3242.0"
                    WIDTH="2135.0"
                    HEIGHT="151.0">
            <Shape><Polygon POINTS="304 3393 587 3376 1017 3389 1247 3361 1675 3378 1990 3337 2204 3333 2206 3242 1902 3246 1897 3245 1835 3246 1789 3266 1754 3275 1718 3280 1699 3266 1684 3257 1642 3259 1616 3261 1591 3267 1561 3257 1451 3258 1318 3252 1270 3263 1216 3269 1107 3279 966 3273 942 3284 923 3296 901 3302 885 3300 835 3299 739 3292 601 3280 538 3302 353 3313 124 3244 71 3271 81 3347"/></Shape>
	    <String CONTENT="le plus contribuer à la grandeur de l Eglise Romaine"
                    HPOS="71.0"
                    VPOS="3242.0"
                    WIDTH="2135.0"
                    HEIGHT="151.0"></String>
          </TextLine>
          <TextLine ID="eSc_line_e4f91589"
                    TAGREFS="LT80"
                    BASELINE="88 3389 258 3464 2041 3418" 
                    HPOS="74.0"
                    VPOS="3349.0"
                    WIDTH="1982.0"
                    HEIGHT="156.0">
            <Shape><Polygon POINTS="303 3503 645 3505 739 3482 950 3475 1135 3472 1249 3494 1510 3461 1684 3481 2056 3455 2049 3376 2003 3374 1972 3373 1942 3365 1916 3359 1866 3359 1820 3378 1801 3374 1768 3377 1727 3368 1690 3382 1643 3393 1627 3393 1584 3384 1505 3380 1379 3376 1280 3380 1232 3368 1167 3383 1110 3383 1047 3409 950 3414 883 3400 857 3387 823 3379 784 3397 776 3400 738 3403 698 3399 674 3390 583 3380 557 3384 516 3391 452 3399 322 3411 123 3349 74 3378 84 3440"/></Shape>
	    <String CONTENT="et à son indépendance de Byzance. De loin il"
                    HPOS="74.0"
                    VPOS="3349.0"
                    WIDTH="1982.0"
                    HEIGHT="156.0"></String>
          </TextLine>
          <TextLine ID="eSc_line_a72334ea"
                    TAGREFS="LT80"
                    BASELINE="91 3487 274 3550 780 3545 2142 3511" 
                    HPOS="76.0"
                    VPOS="3447.0"
                    WIDTH="2062.0"
                    HEIGHT="165.0">
            <Shape><Polygon POINTS="180 3547 228 3612 304 3596 503 3592 548 3574 621 3584 827 3590 1147 3561 1235 3569 1256 3561 1297 3576 1333 3564 1372 3566 1945 3565 1957 3570 2138 3540 2138 3506 2126 3452 1724 3482 1688 3480 1655 3484 1612 3469 1564 3487 1553 3484 1536 3477 1481 3468 1261 3501 1139 3474 1070 3482 974 3500 941 3480 854 3498 717 3488 661 3515 621 3516 489 3503 323 3513 120 3447 76 3486 85 3534"/></Shape>
	    <String CONTENT="dirigeait et inspirait ses missionnaires. Ms"
                    HPOS="76.0"
                    VPOS="3447.0"
                    WIDTH="2062.0"
                    HEIGHT="165.0"></String>
          </TextLine>
          <TextLine ID="eSc_line_d2ecdbb1"
                    TAGREFS="LT80"
                    BASELINE="80 3574 233 3645 2100 3620" 
                    HPOS="63.0"
                    VPOS="3541.0"
                    WIDTH="2033.0"
                    HEIGHT="152.0">
            <Shape><Polygon POINTS="219 3673 239 3682 261 3688 322 3693 391 3684 615 3692 646 3691 758 3671 814 3669 1037 3662 1375 3675 1383 3675 1413 3662 1468 3645 1590 3671 2096 3662 2096 3616 2092 3565 2007 3563 1805 3579 1761 3578 1727 3569 1683 3578 1666 3570 1535 3567 1404 3574 1290 3582 1229 3573 1176 3574 1051 3569 970 3582 817 3606 593 3590 553 3581 520 3590 483 3596 346 3598 220 3615 196 3598 171 3549 124 3541 63 3561 78 3623"/></Shape>
	    <String CONTENT="il ne devait pas avoir le temps de voir naître"
                    HPOS="63.0"
                    VPOS="3541.0"
                    WIDTH="2033.0"
                    HEIGHT="152.0"></String>
          </TextLine>
          <TextLine ID="eSc_line_7fae936e"
                    TAGREFS="LT80"
                    BASELINE="86 3682 244 3765 2147 3713" 
                    HPOS="69.0"
                    VPOS="3640.0"
                    WIDTH="2073.0"
                    HEIGHT="189.0">
            <Shape><Polygon POINTS="291 3829 447 3785 652 3816 750 3776 923 3797 1025 3763 1079 3789 1096 3789 1142 3781 1213 3814 1336 3769 2137 3765 2142 3709 2130 3680 1939 3681 1877 3677 1794 3674 1744 3672 1678 3669 1638 3669 1594 3671 1481 3658 1380 3682 1316 3675 1165 3678 1088 3686 1025 3679 957 3694 929 3690 881 3688 813 3687 757 3686 665 3717 393 3696 284 3706 104 3640 69 3689 95 3733"/></Shape>
	    <String CONTENT="cette Eglise anglo saxonne qui allait détermi¬"
                    HPOS="69.0"
                    VPOS="3640.0"
                    WIDTH="2073.0"
                    HEIGHT="189.0"></String>
          </TextLine>
          <TextLine ID="eSc_line_9bc4ddbd"
                    TAGREFS="LT80"
                    BASELINE="77 3792 166 3852 259 3856 309 3873 629 3880" 
                    HPOS="51.0"
                    VPOS="3753.0"
                    WIDTH="626.0"
                    HEIGHT="155.0">
            <Shape><Polygon POINTS="677 3908 582 3814 295 3833 97 3753 51 3816 214 3907"/></Shape>
	    <String CONTENT="ner l&#x27;avenir."
                    HPOS="51.0"
                    VPOS="3753.0"
                    WIDTH="626.0"
                    HEIGHT="155.0"></String>
          </TextLine>
          <TextLine ID="eSc_line_2c289a82"
                    TAGREFS="LT80"
                    BASELINE="106 3916 243 3982 497 3987 2151 3936" 
                    HPOS="81.0"
                    VPOS="3861.0"
                    WIDTH="2070.0"
                    HEIGHT="166.0">
            <Shape><Polygon POINTS="289 4027 1345 4004 1486 3987 1543 3995 1552 3995 1794 3983 1993 3995 2037 3970 2137 3983 2151 3890 2012 3886 1742 3886 1688 3881 1662 3883 1616 3897 1536 3883 1502 3882 1463 3880 1421 3894 1313 3895 1214 3898 1097 3905 991 3903 926 3898 818 3903 694 3914 214 3921 136 3861 81 3894 99 3957"/></Shape>
	    <String CONTENT="Les années suivantes devaient voir deux grds"
                    HPOS="81.0"
                    VPOS="3861.0"
                    WIDTH="2070.0"
                    HEIGHT="166.0"></String>
          </TextLine>
          <TextLine ID="eSc_line_6159b0b4"
                    TAGREFS="LT80"
                    BASELINE="85 4013 278 4086 2084 4049" 
                    HPOS="65.0"
                    VPOS="3961.0"
                    WIDTH="2056.0"
                    HEIGHT="175.0">
            <Shape><Polygon POINTS="130 4066 220 4100 400 4136 736 4115 822 4133 980 4105 1025 4095 1069 4101 1157 4102 1265 4093 1319 4122 1353 4111 1375 4109 1408 4088 1421 4080 1727 4094 2121 4073 2031 3976 1999 4008 1966 3994 1917 4004 1128 4014 1045 4011 956 4024 868 4017 767 4019 453 4027 279 4031 113 3961 65 4008 77 4071"/></Shape>
	    <String CONTENT="faits intervenir pour changer l&#x27;orientation"
                    HPOS="65.0"
                    VPOS="3961.0"
                    WIDTH="2056.0"
                    HEIGHT="175.0"></String>
          </TextLine>
          <TextLine ID="eSc_line_36f86104"
                    TAGREFS="LT80"
                    BASELINE="76 4114 316 4195 2088 4143" 
                    HPOS="62.0"
                    VPOS="4071.0"
                    WIDTH="2037.0"
                    HEIGHT="185.0">
            <Shape><Polygon POINTS="311 4222 336 4256 455 4212 498 4240 547 4232 576 4208 1127 4220 1154 4238 1228 4204 1676 4207 1810 4189 1936 4206 1944 4206 2079 4172 2099 4141 2075 4096 1921 4109 1840 4104 1803 4099 1743 4104 1688 4112 1656 4104 1328 4125 1293 4118 1254 4113 1194 4117 909 4118 821 4147 709 4125 375 4153 207 4113 125 4071 62 4108 86 4158"/></Shape>
	    <String CONTENT="suivie jusqu&#x27;ici : la conquête arabe et &lt;.. ..&gt;¬"
                    HPOS="62.0"
                    VPOS="4071.0"
                    WIDTH="2037.0"
                    HEIGHT="185.0"></String>
          </TextLine>
          <TextLine ID="eSc_line_3d3d5eb9"
                    TAGREFS="LT80"
                    BASELINE="83 4209 207 4269 341 4298 418 4280 898 4278 1715 4276" 
                    HPOS="68.0"
                    VPOS="4164.0"
                    WIDTH="1654.0"
                    HEIGHT="167.0">
            <Shape><Polygon POINTS="124 4258 281 4324 1025 4331 1113 4307 1383 4320 1420 4317 1493 4324 1525 4326 1611 4299 1721 4307 1722 4245 1641 4217 1538 4233 1328 4214 1261 4215 1182 4225 1154 4248 1050 4228 979 4213 955 4225 906 4223 801 4223 739 4219 574 4215 542 4255 501 4236 442 4221 412 4237 381 4252 339 4267 299 4231 123 4164 68 4191 76 4257"/></Shape>
	    <String CONTENT="&lt;....&gt; de l&#x27;hérésie &lt; à Constantinople &gt;."
                    HPOS="68.0"
                    VPOS="4164.0"
                    WIDTH="1654.0"
                    HEIGHT="167.0"></String>
          </TextLine>
          <TextLine ID="eSc_line_ee72aa08"
                    TAGREFS="LT80"
                    BASELINE="96 4309 209 4371 369 4405 544 4402 2088 4366" 
                    HPOS="68.0"
                    VPOS="4257.0"
                    WIDTH="2031.0"
                    HEIGHT="190.0">
            <Shape><Polygon POINTS="181 4396 261 4413 383 4446 954 4441 1248 4415 1355 4426 1402 4410 1527 4421 1598 4447 1639 4410 1671 4410 1739 4402 1887 4397 2099 4423 2091 4337 1827 4294 1690 4316 1604 4308 1545 4337 1387 4331 1273 4319 1221 4317 1189 4320 1123 4316 1067 4332 960 4347 783 4348 697 4342 489 4344 409 4366 327 4344 282 4333 125 4257 68 4302 103 4360"/></Shape>
	    <String CONTENT="L&#x27;avancee arabe depuis 634 en Syrie etc ne"
                    HPOS="68.0"
                    VPOS="4257.0"
                    WIDTH="2031.0"
                    HEIGHT="190.0"></String>
          </TextLine>
          <TextLine ID="eSc_line_64907c1a"
                    TAGREFS="LT80"
                    BASELINE="81 4388 224 4491 436 4506 754 4507 1099 4497 2016 4472" 
                    HPOS="66.0"
                    VPOS="4357.0"
                    WIDTH="1952.0"
                    HEIGHT="187.0">
            <Shape><Polygon POINTS="70 4379 66 4434 114 4457 170 4484 189 4500 212 4525 239 4527 256 4517 289 4522 318 4515 360 4527 410 4529 510 4541 658 4531 687 4544 704 4543 748 4541 819 4524 864 4543 1404 4517 1461 4531 1527 4510 1837 4513 1912 4519 1952 4503 2012 4501 2018 4458 1870 4402 1590 4454 1404 4416 1341 4432 1278 4425 1146 4431 960 4456 410 4461 224 4428 108 4357"/></Shape>
	    <String CONTENT="doit plus cesser d&#x27;accrocher l&#x27;Empereur. Pour"
                    HPOS="66.0"
                    VPOS="4357.0"
                    WIDTH="1952.0"
                    HEIGHT="187.0"></String>
          </TextLine>
          <TextLine ID="eSc_line_64a35b56"
                    TAGREFS="LT80"
                    BASELINE="86 4488 201 4566 456 4594 594 4596 2020 4586" 
                    HPOS="62.0"
                    VPOS="4450.0"
                    WIDTH="1983.0"
                    HEIGHT="206.0">
            <Shape><Polygon POINTS="258 4615 718 4656 867 4649 900 4625 1500 4619 1667 4632 1820 4608 2003 4619 2045 4563 1963 4523 1846 4516 1767 4518 1750 4521 1707 4529 1677 4523 1627 4517 1615 4522 1585 4533 1484 4552 1442 4527 1407 4546 1379 4544 1362 4538 1323 4542 1295 4542 1267 4554 1149 4533 1046 4548 581 4551 443 4535 361 4534 322 4518 214 4535 104 4450 62 4487 63 4541"/></Shape>
	    <String CONTENT="l&#x27;Italie c&#x27;est pl que jamais la liberté laissée"
                    HPOS="62.0"
                    VPOS="4450.0"
                    WIDTH="1983.0"
                    HEIGHT="206.0"></String>
          </TextLine>
          <TextLine ID="eSc_line_8640c5e2"
                    TAGREFS="LT80"
                    BASELINE="77 4591 215 4677 360 4696 628 4695 2062 4680" 
                    HPOS="56.0"
                    VPOS="4564.0"
                    WIDTH="2007.0"
                    HEIGHT="207.0">
            <Shape><Polygon POINTS="148 4688 249 4712 531 4738 606 4771 658 4712 681 4707 860 4719 1045 4744 1164 4721 1193 4718 1236 4729 1287 4728 1530 4727 1579 4722 1611 4716 1628 4733 1828 4738 2063 4712 2053 4634 1940 4621 1818 4621 1734 4623 1671 4637 1593 4629 1504 4621 1409 4636 898 4629 859 4655 782 4650 702 4662 660 4649 512 4651 353 4631 280 4623 90 4564 56 4593 67 4648"/></Shape>
	    <String CONTENT="aux Lombards. Heraclius qui venait d&#x27;en finir"
                    HPOS="56.0"
                    VPOS="4564.0"
                    WIDTH="2007.0"
                    HEIGHT="207.0"></String>
          </TextLine>
          <TextLine ID="eSc_line_58cfb8b2"
                    TAGREFS="LT80"
                    BASELINE="80 4712 249 4787 608 4796 877 4803 972 4801 1715 4789 1980 4785" 
                    HPOS="69.0"
                    VPOS="4670.0"
                    WIDTH="1958.0"
                    HEIGHT="184.0">
            <Shape><Polygon POINTS="228 4812 336 4854 537 4826 624 4843 632 4843 721 4830 1028 4838 1083 4851 1244 4821 1396 4843 1404 4843 1476 4821 1505 4843 1514 4843 1518 4847 1518 4843 1527 4843 1560 4821 1943 4830 2027 4800 1886 4727 1818 4745 1394 4734 1288 4738 1198 4729 1054 4748 922 4732 660 4711 649 4718 630 4734 632 4751 614 4771 586 4779 555 4746 372 4731 306 4723 271 4719 232 4725 109 4670 69 4710 70 4756"/></Shape>
	    <String CONTENT="avec le péril Perse eût pu se lancer contre"
                    HPOS="69.0"
                    VPOS="4670.0"
                    WIDTH="1958.0"
                    HEIGHT="184.0"></String>
          </TextLine>
          <TextLine ID="eSc_line_769057e4"
                    TAGREFS="LT80"
                    BASELINE="85 4804 191 4878 347 4912 438 4924 857 4900 2107 4921" 
                    HPOS="69.0"
                    VPOS="4772.0"
                    WIDTH="2051.0"
                    HEIGHT="212.0">
            <Shape><Polygon POINTS="186 4934 633 4968 788 4956 805 4956 851 4948 1096 4961 1181 4935 1463 4961 1531 4935 1787 4984 2096 4956 2120 4927 2096 4838 1666 4843 1564 4843 1474 4850 1425 4860 1324 4843 1235 4836 1076 4858 1028 4840 966 4851 895 4846 826 4842 795 4849 727 4841 651 4867 599 4865 521 4833 331 4859 210 4827 113 4772 69 4801 70 4875"/></Shape>
	    <String CONTENT="ceux-ci. L Empire était redevenu une grande"
                    HPOS="69.0"
                    VPOS="4772.0"
                    WIDTH="2051.0"
                    HEIGHT="212.0"></String>
          </TextLine>
          <TextLine ID="eSc_line_f5ca93c7"
                    TAGREFS="LT80"
                    BASELINE="2298 2296 3255 2265 3365 2274" 
                    HPOS="2270.0"
                    VPOS="2188.0"
                    WIDTH="1117.0"
                    HEIGHT="171.0">
            <Shape><Polygon POINTS="2280 2346 2459 2359 2587 2325 2686 2337 2737 2332 2792 2339 2834 2322 2876 2339 2929 2329 2956 2327 3049 2322 3093 2324 3170 2322 3315 2318 3387 2287 3351 2197 3238 2190 3142 2202 3085 2201 3002 2189 2949 2188 2891 2194 2818 2206 2758 2225 2664 2227 2632 2212 2584 2230 2552 2220 2526 2219 2503 2220 2476 2205 2436 2215 2384 2203 2332 2199 2283 2230 2270 2293"/></Shape>
	    <String CONTENT="Voy Hartmann II1 p.180."
                    HPOS="2270.0"
                    VPOS="2188.0"
                    WIDTH="1117.0"
                    HEIGHT="171.0"></String>
          </TextLine>
        </TextBlock>
        <TextBlock HPOS="2186.0"
                   VPOS="2143.0"
                   WIDTH="1746.0"
                   HEIGHT="2018.0"
                   ID="edad04c9-c314-4f5f-aa70-6c7f6555e80c"
                   TAGREFS="BT140">
          <Shape><Polygon POINTS="2852 2143 3469 2152 3561 2562 3667 3037 3720 3680 3932 3864 3897 4058 2186 4161 2198 3877 2250 3809 2348 3681 2372 2711 2395 2511 2283 2329 2297 2213"/></Shape>
          <TextLine ID="eSc_line_9a120d12"
                    TAGREFS="LT80"
                    BASELINE="2224 3941 3299 3906 3884 3900" 
                    HPOS="2195.0"
                    VPOS="3825.0"
                    WIDTH="1701.0"
                    HEIGHT="147.0">
            <Shape><Polygon POINTS="2967 3937 2975 3967 3003 3947 3108 3936 3337 3925 3600 3918 3803 3914 3896 3909 3841 3825 3197 3839 3124 3856 3052 3854 3021 3861 2985 3860 2947 3858 2928 3858 2901 3852 2857 3844 2728 3850 2218 3877 2195 3959 2349 3972"/></Shape>
	    <String CONTENT="Ou plutôt le seul fait essentiel est l&#x27;Is¬"
                    HPOS="2195.0"
                    VPOS="3825.0"
                    WIDTH="1701.0"
                    HEIGHT="147.0"></String>
          </TextLine>
          <TextLine ID="eSc_line_cadc07a8"
                    TAGREFS="LT80"
                    BASELINE="2178 4034 2753 3994 3778 3986" 
                    HPOS="2152.0"
                    VPOS="3932.0"
                    WIDTH="1630.0"
                    HEIGHT="130.0">
            <Shape><Polygon POINTS="2262 4012 2246 3984 2152 4062 2417 4058 3782 4033 3772 3956 3611 3947 3356 3947 3247 3960 3070 3972 3049 3953 3012 3975 2949 3973 2936 3937 2915 3978 2894 3932 2866 3977 2845 3964 2802 3981 2765 3970 2734 3979 2355 3994 2313 4007"/></Shape>
	    <String CONTENT="lam puisque l&#x27;hérésie en est une conseq."
                    HPOS="2152.0"
                    VPOS="3932.0"
                    WIDTH="1630.0"
                    HEIGHT="130.0"></String>
          </TextLine>
        </TextBlock>
      </PrintSpace>
    </Page>
  </Layout>
</alto>
