3978 5058
3480 59 442 244 195

77 11 1999 146 le concile une série de traités. Les Libri

46 118 2014 164 Carolini et il envoya à Rome un ambas¬

42 229 2135 140 sadeur chargé d'un capitulaire de 85 repre¬

46 324 2087 150 hensiones à l'adresse du pape ; enfin, en 794,

54 423 1984 151 il réunit tous les évêques d'Occident à

23 523 2048 162 Francfort en un concile où fut condamné le

42 626 2055 137 Concile de Nicée et où les doctrines des adora¬

25 728 2122 165 ¬teurs d'images furent condamnées (Daw¬

41 833 646 150 son, p. 227).

44 914 2057 163 Après la mort d'Adrien, en 796, il écrit à son

27 1028 2082 173 Successeur Léon III qu il est le "représentant

5 1159 2103 141 de Dieu qui doit protéger et gouverner tous

23 1235 2116 147 les enfants de Dieu" ; il est "seigneur et père,

33 1336 2090 156 Roi et prêtre, chef et guide de tous les chré¬

28 1434 2009 153 tiens" (Ibid. 226). En tous cas il lui trace

23 1517 2103 157 sa conduite : Nostrum est secundum au¬

17 1623 2088 149 xilium divinae pietatis sanctam ubique

5 1723 2108 150 Christi ecclesiam ab incursu paganorum

37 1812 2089 171 et ab infidelium devastatione armis de¬

44 1914 1961 188 fendere, foris et intus catholicae fidei

34 2015 2059 183 agnitione munire. Vestrum est, sanc¬

49 2120 1992 174 tissime pater elevatis ad Deum cum

14 2212 2008 218 Moyse manibus nostram adjuvare

30 2330 2197 183 militiam, quatenus, vobis interceden¬

37 2432 2108 180 tibus. Deo ductore et datore populus chris¬

35 2554 2119 161 tianus super inimicos sui sancti nomi¬

59 2650 1998 172 nis ubique semper habeat victoria et

28 2773 2121 167 nomen domini nostri Jesu Christi toto

26 2876 2122 164 clarificetur in orbe" (Cod. Carol. p.356).

20 2985 2014 168 En outre, en succédant à Adrien, Léon III

39 3093 2097 156 lui a envoyé la banière de la ville de Rome.

67 3219 944 136 (Muhlbacher p.128).

256 3322 687 81 Charles parle-t-il

69 3305 2083 190 <......> encore là le langage d'un patricius

30 3422 1994 167 Romanorum ? Evidemment non. C'est le

20 3521 2116 171 langage du protecteur de la chrétienté. Et à cette

16 3616 2054 187 époque, Charles vainqueur de la Saxe et des Lom¬

8 3706 2092 171 bards peut parler Ainsi. Il n'y a plus que lui

13 3804 2118 186 en Occident, si on néglige les petits princes d'An¬

31 3923 2083 157 gleterre et d'Espagne. En 796 les Avars ont

33 4024 1938 166 été soumis ou rejetés au delà de la Theiss.

38 4123 2179 168 Il y a là une situation qui dépasse celle qu'au¬

31 4233 2059 160 ¬cun roi a jamais eu. D'autre part, les relents

156 4344 932 79 de suprématie byzantine

34 4333 2091 159 <.. ... ..... ... ......> qui traînaient encore dans

37 4427 2017 182 la Romania et y traînent peut-être encore

22 4501 2113 188 n'existent pas dans le Nord et dans ces milieux

14 4629 2053 167 anglo saxons et germaniques où vit Charles.

23 4741 1981 144 Alcuin parle du decorem imperialis regni

40 4845 1994 176 vestri. (Gansh. 457 n.). A Rome même, le

2165 2980 1792 198 Et il introduit la mode nouvelle d'in¬

2383 1126 530 121 où est cela ?

2181 3098 1729 172 serer dans la date de ses bulles les

2189 3194 1757 173 années de Charles "a quo cepit Italiam"

2307 3327 775 176 (Jaffé, p.307).
