4090 5056
3609.0 63.0 206.0 202.0 18

129.0 73.0 1966.0 146.0 directement comme les autres Constanti¬

92.0 179.0 1986.0 165.0 nople, Ravenne, l Afrique, les points vitaux

95.0 272.0 1980.0 157.0 d l Empire. On a donc pu les laisser s'établir

78.0 353.0 2031.0 194.0 sur le sol, s'y fixer, ce que les Empereurs ont tou¬

84.0 449.0 2039.0 202.0 jours refusé aux autres avant le cantonment

78.0 547.0 1983.0 223.0 des Wisigoths en 2e Aquitaine. On les a laissé

75.0 654.0 2059.0 202.0 coloniser à leur aise sans les soumettre non

81.0 759.0 2084.0 198.0 plus à la tertia. Ils ont colonisé à l'aise, assez

73.0 868.0 2070.0 196.0 lentement d'ailleurs. Et puis en 406 on a retiré

89.0 963.0 2034.0 217.0 les légions. Ils se sont laissé arrêter par les petits

98.0 1064.0 2112.0 211.0 postes et castella de la frontière romaine. Ligne

84.0 1169.0 1994.0 208.0 Bavai-Courtrai-Boulogne et Bavai-Tongres

87.0 1264.0 1994.0 204.0 (Notitia dignitatum au comm. Ve s.) De là ils

98.0 1380.0 1977.0 181.0 avancent assez lentement au Sud. Tournai

101.0 1539.0 559.0 123.0 pris en 446.

105.0 1575.0 1999.0 245.0 Ils y importent leur religion et leur langue.

88.0 1710.0 1994.0 207.0 Le pays est rebaptisé. Les noms germaniques

88.0 1824.0 2004.0 179.0 en Zeele, en ingahem rappellent les noms des

92.0 1969.0 1298.0 151.0 familles des premiers Colons.

105.0 2035.0 2007.0 219.0 Puis au dessous il y a une zône mélangée

113.0 2182.0 2054.0 185.0 qui correspondrait plus on moins à la Belgi¬

103.0 2308.0 2003.0 166.0 que Wallonne, Nord d l France, Lorraine

92.0 2404.0 2115.0 177.0 où les noms de lieux attestent en beaucoup

92.0 2522.0 2048.0 168.0 d endroits une population germanique plus

87.0 2639.0 1966.0 158.0 tard romanisée par des baix, des Stain

120.0 2777.0 601.0 138.0 (Stein) etc.

109.0 2848.0 2007.0 168.0 Tout ce mixtum a pu s'avancer jusque

84.0 3014.0 643.0 101.0 vers la Seine

89.0 3081.0 2096.0 171.0 Mais en somme la germanisation ne s'est

95.0 3174.0 2031.0 183.0 faite en masse que là où la langue s'est

87.0 3258.0 2140.0 185.0 conservée. La Romania n'a disparu que dans

92.0 3376.0 2042.0 185.0 les dernières conquêtis de Rome, le long du gla¬

87.0 3485.0 2008.0 192.0 cis avancé qui protégeait la Méditerranée :

89.0 3584.0 2009.0 207.0 Les deux Germanies, une partie des Belgiques, la

84.0 3727.0 1539.0 163.0 Retie, la Norique et la Pannonie.

207.0 3811.0 1927.0 186.0 A part cela, la Romania s'est conservée in¬

88.0 3929.0 1838.0 179.0 tacte et il n'en pouvait être autrement.

146.0 4036.0 2082.0 185.0 Les nouveaux venus n'étaient qu'une infime

106.0 4165.0 2059.0 160.0 minorité. Il faudrait ici des chiffres pour per¬

98.0 4255.0 2011.0 199.0 mettre quelque précision scientifique. Or nous

95.0 4350.0 1983.0 195.0 n'avons rien. Quelle était la population de

97.0 4457.0 2023.0 165.0 l'Empire ? 70000 milliers ? Alors peut-on ad¬

106.0 4558.0 1913.0 203.0 mettre pour la Gaule 40 ou 32 millions ?

115.0 4659.0 2062.0 214.0 Toute précision est impossible. Ce qui seulement

2295.0 449.0 1699.0 264.0 Pourtant Julien fait des expéditions contre les

2297.0 654.0 837.0 169.0 Francs et les Alamans.

2167.0 1091.0 759.0 168.0 (Ds Marez p. 25)

2141.0 1453.0 1767.0 288.0 Ils y conservent ce qu'on pourrait appeler

2105.0 1580.0 1875.0 223.0 l'esprit germanique, traditions épiques etc.

2112.0 1662.0 1859.0 235.0 C'est de là que sortiront plus tard les carolin¬

2075.0 1735.0 1947.0 271.0 -giens. Mais jusqu'à eux, ils ne donnent rien.

2136.0 1845.0 1789.0 295.0 Gamillscheg: Romania Germanica, p. 46 das land

2162.0 1946.0 1818.0 291.0 zwischen Seine und Loire ist neues fränkisches Kul¬

2163.0 2067.0 1619.0 258.0 turgebiet, aber nicht mehr Siedlungsgebiet.

2556.0 2199.0 1382.0 225.0 Vannérus, Rev. belge 1935 p. 541 tout à

2578.0 2378.0 641.0 149.0 fait pour Lot.

2205.0 2483.0 1665.0 216.0 Lot. Origine des noms de lieux en Ville et en

2210.0 2617.0 1666.0 194.0 Cour Romania LIX (1933) p.199 Add.

2192.0 2687.0 1807.0 245.0 observat de Bloch ds Annales, 1934, p.254 sq.

2264.0 2884.0 1531.0 232.0 Cf Kurth Etudes franques I.262

2396.0 2995.0 1640.0 214.0 presque pas de Francs en Touraine.

2193.0 3684.0 1666.0 181.0 L'Empire Romain est resté romain

2154.0 3777.0 1688.0 161.0 comme les Etats-Unis d'Amérique

2158.0 3856.0 1695.0 209.0 malgré l'imigration restent anglo¬

2226.0 4044.0 369.0 101.0 saxons.

2222.0 4284.0 1623.0 295.0 Stein dit 50 millions à la fin d IIIe s.

3306.0 4516.0 285.0 124.0 (p.3)
