3960 5049
3435.0 79.0 468.0 303.0 127

80.0 18.0 1957.0 184.0 Et pourquoi s'arrêter à l'Espagne ? Celle-ci se

44.0 143.0 2101.0 154.0 prolonge d'ailleurs dans la Narbonnaise. A peine

51.0 221.0 2001.0 165.0 Soumission de la péninsule est-elle complète,

59.0 332.0 2093.0 139.0 qu'en 720 les Musulmans s'emparent de Narbonne

61.0 429.0 1965.0 140.0 puis assiègent Toulouse entamant ainsi le

43.0 506.0 1958.0 162.0 royaume franc. Le duc Eudes d'Aquitaine les

41.0 605.0 1990.0 140.0 repousse en 721 mais il ne leur reprend par Nar¬

38.0 681.0 2011.0 174.0 bonne. C'est de là que part en 725 une nouvelle

32.0 769.0 2004.0 159.0 et formidable poussée. Carcassonne est pris puis

26.0 850.0 2014.0 168.0 Nîmes et les cavaliers du croissant poussent jus¬

37.0 978.0 1638.0 133.0 qu'à Autun, mis à sac le 22 août 725.

35.0 1069.0 1912.0 176.0 Nouvelle razzia en 732 par l'émir d Espagne

47.0 1154.0 2018.0 198.0 Abd-ar-Rahman qui parti de Pampelune passe

37.0 1268.0 2034.0 175.0 les Pyrénées, marche sur Bordeaux. Eudes battu

47.0 1373.0 1948.0 173.0 fuit chez Charles Martel. C'est du Nord que va

25.0 1472.0 2043.0 149.0 enfin partir la réaction impuissante du Midi :

16.0 1555.0 2013.0 162.0 Charles marche avec Eudes à la rencontre de

20.0 1646.0 2006.0 174.0 l'envahisseur et le rencontre à cette même

24.0 1765.0 1993.0 166.0 trouée de Poitiers où Clovis a jadis vaincu les

17.0 1853.0 2042.0 160.0 Wisigoths. Le choc a lieu en Octobre 732. Abd ar

13.0 1947.0 2083.0 159.0 Rhaman est vaincu et tué, mais le péril n'est

21.0 2061.0 1982.0 163.0 pas écarté. Il se porte maintenant vers la Pro¬

11.0 2158.0 1998.0 162.0 vence, c. a. d. vers la mer. En 735 le gouverneur

12.0 2287.0 2037.0 139.0 Arabe de Narbonne s'empare d'Arles. Il y a dans

17.0 2380.0 1902.0 162.0 le pays des gens qui le favorisent (Breysig, 78).

9.0 2461.0 2073.0 177.0 En 737 les Arabes prennent Avignon et étendent

2.0 2568.0 2098.0 169.0 leurs ravages jusqu'à Lyon et jusqu'en Aquitaine

0.0 2653.0 2029.0 143.0 Charles de nouveau marche contre eux. Il re¬

7.0 2746.0 2075.0 176.0 prend Avignon et va attaquer Narbonne devant

5.0 2846.0 2077.0 140.0 laquelle il bat une armée de secours arabe Venue

15.0 2953.0 1907.0 150.0 par mer, mais qu'il ne peut prendre. Puis il

0.0 3036.0 1961.0 162.0 reprend sa marche vers l'Austrasie avec un

0.0 3141.0 2104.0 158.0 immense butin, car il pille puis détruit et brûle

0.0 3232.0 2193.0 188.0 Maguelonne, Agde, Béziers et Nîmes (Breysig 84)

0.0 3357.0 1970.0 178.0 En 739 nouvelle incursion des Arabes en Pro¬

0.0 3478.0 2082.0 160.0 vence. Cette fois ils menacent aussi les Lombards

2.0 3581.0 1968.0 152.0 auxquels Charles demande secours et qui les

0.0 3665.0 931.0 162.0 repoussent (Ibid. 86).

0.0 3750.0 1939.0 198.0 Tout ce qui suit est obscur, mais il semble

0.0 3859.0 1947.0 180.0 bien que les Arabes de soient de nouveau sou¬

0.0 3978.0 1958.0 159.0 mis la côte provençale où ils se maintienent qq.

0.0 4081.0 1981.0 162.0 années. Pepin les en expulsa en 752 et attaqua

0.0 4196.0 2048.0 189.0 de nouveau vainement Narbonne (Hahn, 141sq)

0.0 4296.0 2014.0 183.0 Il ne devait s'en emparer défintivemnt qu en

0.0 4390.0 2774.0 168.0 759. Mais cela ne doit pas rétablir la tranquillité. (Voy. p. 128)

3.0 4535.0 1936.0 182.0 C'est la fin d l'expansion sur le continent

0.0 4642.0 1939.0 177.0 occidental. De même que Constantinople

0.0 4758.0 1958.0 173.0 a résisté à la grande attaque de 718 et pro¬

2253 325 1347 205 Le roi impuissant ne fait rien.

2132 1649 1724 211 Dire que cette bataille n'a pas l'importance

2105 1766 1701 199 qu'on lui attribue. Ça n'a rien de commun

2142 1823 1673 175 avec la victoire sur Attila. C'est la fin

2195 1913 1591 159 d'un raid mais ça n'arrête rien en

2204 1966 1677 177 réalité Si Ch. avait été vaincu il ne serait

2175 2084 1372 141 rien arrivé qu'un pillage agrandi.

2117 2243 1024 183 Jussef ibn Abdiraman

2185 2434 1264 164 avec la complicité de Maucontus
