3960 5049
3289.0 109.0 572.0 302.0 148

13.0 50.0 2064.0 212.0 Céphalonie qui amène une autre flotte.

6.0 173.0 2114.0 171.0 La m. année, Pepin étant mort (8 juillet) Charles

16.0 280.0 2072.0 156.0 fait venir à Aix les légats byzantins et conclut

22.0 381.0 2013.0 155.0 la paix avec eux en renonçant à Venise et

25.0 476.0 2110.0 129.0 aux villes d'Istrie, de Liburnie et de Dalma¬

36.0 571.0 2068.0 146.0 tie (Richter II 188). Paix qui le 13 janvier 812

13.0 654.0 2147.0 165.0 devenait définitive (Hartmann III 64) l Em¬

28.0 769.0 2074.0 150.0 pire Carolingien renonçant ainsi à la mer

21.0 854.0 2078.0 156.0 où il venait de prouver son impuissance de

17.0 940.0 2124.0 152.0 façon éclatante, Venise allait décidément

22.0 1053.0 2217.0 156.0 graviter dans l'orbite byzantine. C'est un autre

15.0 1142.0 2101.0 177.0 monde. Sa piazza le prouve mieux que tous

19.0 1228.0 2100.0 148.0 les textes. Et cela assure en même temps sa si¬

27.0 1316.0 2080.0 159.0 tuation commerciale. Si elle a besoin d l'Em¬

11.0 1407.0 2040.0 174.0 pire, l'Empire a besoin d'elle pour la lutte

23.0 1500.0 714.0 158.0 contre l'Islam.

42.0 1587.0 2003.0 183.0 Venise a eu par la paix de 812 une situation

20.0 1699.0 2020.0 166.0 de choix. Car Charles s'il renonce à la posséder

26.0 1808.0 2020.0 127.0 lui reconnait le droit de commercer dans son

10.0 1883.0 1979.0 176.0 Empire. Cette paix dit Hartmann III 66 est la

13.0 1987.0 2013.0 182.0 condition de sa grandeur future. Elle saura

6.0 2090.0 1952.0 156.0 s'en servir étant intangible à l'Orient.

9.0 2176.0 2034.0 159.0 Là elle pouvait craindre le seul Commachio

28.0 2294.0 2065.0 125.0 qui détient l'embouchure du Po. C'est pour

25.0 2387.0 1998.0 156.0 cela qu'en 875 elle détruit cette rivale qui

15.0 2458.0 2176.0 186.0 désormais disparait (Viertelj. II (1904) p.434-442).

19.0 2583.0 2172.0 162.0 Désormais c'est de son commerce que dépendront

21.0 2663.0 2019.0 185.0 les marchés du Po et de la Haute Italie : Pavie,

13.0 2744.0 1027.0 159.0 Crémone, Milan etc.

17.0 2840.0 2087.0 203.0 Mais il y a le péril sarrasin. Et ici leur intérêt

18.0 2959.0 2078.0 173.0 est le même que celui de l Empereur. Car enfin

17.0 3047.0 2054.0 177.0 la navigation méditerranéenne dépend d'eux.

16.0 3124.0 2111.0 200.0 Deja en 828 l'empereur a demandé le concours

21.0 3262.0 2069.0 161.0 des navires de guerre Vénitiens contre les Sarra¬

14.0 3351.0 2051.0 160.0 sins (Tafel-Thomas p. 4). En 840, ils envoyent

19.0 3440.0 2049.0 181.0 40 vaisseaux contre Tarente à la rescousse

14.0 3527.0 2095.0 206.0 d l Empire, ce sur quoi les Musulmans brulent

20.0 3634.0 1992.0 193.0 Ancone et capturent les bateaux Vénitiens

23.0 3733.0 2076.0 216.0 (Schaube, 3) En 867-871 ils agissent contre Bari

19.0 3856.0 2069.0 200.0 par mer avec les Byzantins pendant que Louis

12.0 3946.0 2005.0 204.0 II attaque par terre. En 872 les Musulmans

22.0 4079.0 2032.0 168.0 attaquent la Dalmatie, en 875, ils assiègent

26.0 4159.0 1991.0 175.0 Grado. Mais tout cela passe. L Adriatique

26.0 4286.0 2092.0 167.0 reste libre et par elle la navigation du Levant.

53.0 4408.0 2060.0 181.0 Remarquons d'ailleurs que ceci n'empêche

30.0 4501.0 2223.0 176.0 pas Venise de trafiquer avec l'Islam. L Empereur

27.0 4581.0 2041.0 193.0 dès 814-820 a interdit de commercer avec les

23.0 4677.0 2000.0 210.0 Sarrasins de Syrie et d'Egypte (Tafel Thomas p.3).
