4090 5056
3647 75 219 241 77

139 33 1960 165 Juifs s'y distinguaient et il en était cer-

130 134 1927 152 tainement de même des Syriens que

143 231 1889 169 l'on a vus plus haut établis dans le pays.

134 328 1906 164 Seulement, à côté d'eux, les indigênes

134 429 1948 152 jouaient un rôle considérable. Il est

139 505 1927 177 évident que l'on rencontrait parmi eux

139 594 1914 185 non seulement ds boutiquiers, mais ds

130 724 1341 135 marchands de profession.

160 758 2310 223 L'anecdote de Grégoire sur Verdun III 34 (p.137)

147 783 3795 308 est caractéristique à cet égard. Il s'agit de la misère qui accable (pourquoi ?) les villes

156 1002 1884 173 <.... ....... .... ..... .. ....> sous

156 1103 1969 190 l'évêque Desideratus +c.554. Il emprunte

139 1205 1994 181 7000 aurei au roi Theodebert et les distri-

147 1310 1940 177 bue aux Cives. "At illi negotia exercentes

143 1415 1948 186 divites per hoc effecti sunt et usque hodie

164 1495 1961 198 magni habentur". Cela prouve sans doute

156 1601 1918 193 un commerce très vivant. Et il est carac-

156 1693 1952 211 teristique que l'évêque parle au roi de rele-

164 1799 1910 185 ver le commerce "in civitate nostra sicut

156 1896 1998 206 reliquae habent", d'où il faut conclure que

143 1992 1939 203 l'activité commerciale est propre à toutes

172 2131 380 165 les villes.

1509 2161 110 122 294

168 2216 1931 189 Le livre VII 46 de Grégoire p. 322 nous four-

151 2321 2041 198 nit un exemple d'un autre genre. Pendant une

147 2414 2024 189 disette le negociator Cristoforus a appris que

156 2506 2015 186 beaucoup de vin venait d'arriver à Orléans.

151 2603 1940 182 Il part aussitot, bien muni d'argent par son

156 2662 2045 224 beau-père, sans doute aussi marchand, achete

160 2772 2007 215 le vin et le fait charger sur des barques. Puis

160 2856 1977 223 il revient chez lui à cheval et est tué en route

143 2978 1931 198 par les deux esclaves saxons qui l'accompa-

139 3079 1977 186 gnent. Voilà un exemple de spéculation mer-

134 3160 2045 219 cantile qui n'a rien de Moyenageux. Ce Chris-

147 3261 1973 210 tophe est évidemment un grand marchand,

147 3362 2091 219 je veux dire un marchand en gros qui veut faire

147 3471 1923 207 un beau coup en nettoyant le marché à son

143 3568 1939 224 profit. Et remarquez qu'il est seul. Rien ds

126 3690 1923 194 ce commerce qui ressemble aux gildes ou aux

143 3770 2003 224 bourses, c'est du commerce individualiste à la

156 3905 484 203 romaine.

147 4032 1986 185 Ce qu'il faisait les autres negutiatores le fai-

147 4158 1952 173 saient également dit Gregoire Ibid. VII. 45.

172 4284 1953 156 La fraude était aussi de bon rapport. Le m

156 4398 2036 169 Grégoire Gloria Confess 110 p. 819 raconte l'his-

151 4516 2066 169 toire d'un marchand qui avec un trians ga-

168 4643 1927 160 gne 100 solidi en falsifiant son vin. Il est

147 4731 1493 190 ici s. d. question d'un détaillant.

2158 244 1459 173 Dopsch Grundlagen II 439 réfute

2129 316 1762 176 l idée qu il n y aurait eu que des mds

2158 463 477 122 étrangers.

2614 543 1345 177 mettre ici p. 78 Lombards

2323 1285 1598 210 Les Ev. s intéressaient au commerce

2205 1390 1653 253 A NaNtes, Felix fait agrandir le port

2394 1567 764 130 Cf Dill, p243.

2424 1727 1573 236 Lot, Glotz p. 365 cite justement l'exemple de

2188 1820 1838 240 Verdun pr prouver l'insignifiance du capitalisme. Ms

2171 1900 1859 261 si on compare à notre époque, on aboutira à des con-

2158 1984 1775 236 clusions semblables pour le XIIIe siècle. Il est bien

2158 2030 1889 266 certain d'ailleurs qu'il est ici question de détaillants,

2175 2165 1223 186 et donc de détaillants très actifs.

2281 2355 451 164 de Tours ?

2361 2679 1632 236 Le roi donne une rente de 100 aurei à un

2327 2797 1674 228 monastère ad comparandum fratrum

2327 2911 1649 249 vestimenta. Greg Vitae Patr. p.667. Il y

2319 3050 1016 198 a dc commerce d'étoffes.

2209 3505 1703 257 Il y en a aussi qui voyagent en bandes

2175 3648 1303 219 Voy p. 78 ceux pillés par Wado.
