4090 5056
140 159 1935 152 Le crédit devait sans doute aussi pénétrer

137 56 1961 141 aussi prenaient leur recette à ferme.

109 247 2048 171 le commerce. Sidoine Epist. VII.7 rapporte l his¬

123 351 2026 178 toire d'un clerc de Clermont qui va à Marseille

96 438 1957 167 aux nundinas catapli recentis acheter bon

109 553 2025 183 marché aux importateurs en gros des marchan¬

112 646 1955 218 dises au moyen d'argent emprunté. Il les re¬

112 750 1963 165 vend en détail à Clermont et avec des béné¬

117 834 1950 185 fice rembourse son créancier et fait en¬

106 935 2003 205 core un beau profit. L argent etait emprunté

103 1081 411 149 à intérêts

117 1151 2004 177 C est sans doute là un exemple de ce turpe

115 1247 2152 218 lucrum que les conciles interdisent au clergé.

182 1348 2017 232 D après la formule de Marculf 26 (Zeumer, p 92)

123 1469 1996 174 l intérêt est de 1 triens par sou, ce qui ferait

119 1547 1968 200 33 1/2 %. De le breviaire d'Alaric, il serait de

117 1671 2031 212 12 1/2 % (cf Jordan). On pourrait en conclure une

117 1755 1975 252 restriction de Capitaux entre les deux dates. Mais

112 1881 1514 186 s agit-il là d'intérêt commercial ?

150 2008 1976 174 Le concile d'Orléans de 538 (Conc. p.82) de¬

132 2129 2002 182 fend aux clercs à partir du grade de diacre

117 2258 1742 137 de pecuniam commodere ad usuras

128 2364 1886 209 En 626- 27 le concile de Clipiac (Ibid 197)

120 2474 2045 164 réitère la même défense à l'egard du cler¬

130 2581 2052 168 gé et ajoute " sexcuplum vel decoplum exi¬

127 2668 2106 163 gere prohibemus omnibus christianis". Ainsi

132 2771 2160 196 l Eglise defend aux laïques l intérêt usuraire.

217 2921 1884 165 De tout cela résulte donc jusqu'à l évi¬

110 2996 2019 194 dence, la continuation de la vie économique

143 3145 1941 160 romaine à l epoque merov. dans tout le

148 3238 2014 194 bassin tyrrhénien. Car il n'est pas douteux que

120 3333 1950 179 ce que l on a vu ici d l Gaule s'applique aussi a

126 3438 1992 188 l'Afrique, à l'Espagne (voy les grds richesses des rois

142 3552 1959 178 etc) et a l'Italie au moins avant les guerres

146 3665 2067 181 dévastatrices de Justinien. Tous les traits y sont :

138 3764 1988 187 preponderance de la navigation orientale et im¬

123 3858 1995 230 portation de ses produits, organisation des ports.

144 3974 1996 250 du tonlieu, de l'impôt, organisation surtout

134 4077 1981 217 de la monnaie, continuation du prêt à inté¬

121 4188 2100 232 rêt, absence de petits marchés, villes centres com-

144 4320 1937 219 merciaux, marchands de profession. Il y a

134 4436 1964 221 sans doute barbarisation, mais il n'y a pas

173 4555 1925 203 de coupure. Le mouvement économique

136 4624 2057 229 méditerranéen se continue avec une singu¬

153 4745 1962 212 lière insistance. Et il en est de même pour

144 4853 2052 200 l'agriculture qui sans doute reste la base de la

2200 328 385 169 (lector)

3600 76 314 334 91
