4090 5056
3525.0 36.0 397.0 290.0 76

148.0 67.0 2003.0 149.0 Les esclaves étaient surtout payens. Ms.

134.0 194.0 2026.0 134.0 il y en avait aussi des Chrétiens. En 743 le

123.0 292.0 1952.0 123.0 Concile de Liptine Capit. I 28 3 dit "ut

120.0 378.0 2113.0 159.0 mancpia christiana paganis non tradan¬

124.0 477.0 258.0 99.0 tur".

143.0 553.0 2019.0 152.0 Tout un personnel de marchands s'occu¬

129.0 665.0 2050.0 151.0 pait de ce commerce. Une formule de Sens

132.0 776.0 2067.0 161.0 (Zeumer p.189 n° 9) est relative à l'achat d un

130.0 853.0 1985.0 160.0 esclave à un homo negotians. Une formule

129.0 940.0 1994.0 193.0 d'Angers (Ibid. p. 22 51) est un mandat de

134.0 1039.0 2093.0 160.0 rechercher l'esclave fugitif d'un "negociens".

176.0 1132.0 1927.0 182.0 Il semble bien que ce commerce était

129.0 1227.0 1997.0 186.0 surtout concentré aux mains des Juifs. Le

137.0 1331.0 1964.0 180.0 Concile de Macon en 583 16 p. 159 permet

148.0 1432.0 1930.0 191.0 aux Chrétiens de racheter aux Juifs qui sont

136.0 1513.0 2007.0 194.0 dans les civitates et les municipia leurs es¬

133.0 1609.0 2015.0 199.0 claves pour 12 sous, soit pour leur donner la

131.0 1699.0 2093.0 216.0 liberté, soit pour les prendre à leur service.

143.0 1811.0 2090.0 197.0 On cite des marchands juifs d'esclaves à Nar¬

143.0 1915.0 1949.0 243.0 bonne (Jaffé, 1467) à Naples (Jaffé 1629) Il

142.0 2050.0 1945.0 193.0 est encore question Ibid. N° 1242, en 593,

131.0 2151.0 1925.0 163.0 d'achat d'esclaves chrétiens par un Juif.

143.0 2258.0 1997.0 174.0 Voy. encore Ibid. 1409. En dehors de ces men¬

140.0 2347.0 1958.0 198.0 tions de Juifs, je ne connais pas de mentions

142.0 2452.0 1956.0 165.0 de marchands d'esclaves chrétiens, mais

140.0 2581.0 1907.0 152.0 cela ne veut pas dire qu'il n'y en a pas eu.

343.0 2668.0 1794.0 205.0 Il reste donc que les contrées de la mer Tyr¬

142.0 2786.0 2012.0 217.0 rhénienne exportaient beaucoup d'esclaves

142.0 2893.0 2025.0 171.0 et c'est certainement les mêmes bateaux qui

143.0 2988.0 1962.0 172.0 amenaient les épices, la soie, le papyrus etc

140.0 3098.0 1627.0 166.0 qui les emportaient vers l'Orient

308.0 3193.0 1888.0 218.0 Ils y ajoutaient probablement encore au¬

157.0 3297.0 1997.0 184.0 tre chose, mais quoi ? Un texte de Lydus per¬

157.0 3384.0 1941.0 197.0 met de croire à des étoffes d'Arras. Par

162.0 3471.0 2037.0 211.0 ailleurs, peut-être des bois de construction dont

136.0 3600.0 2038.0 200.0 manque l'Egypte. Du moins Grégoire le Grand

159.0 3766.0 1203.0 164.0 en a envoyé à Alexandrie.

188.0 3843.0 1427.0 156.0 Peut-être aussi de la garance.

170.0 3943.0 1981.0 188.0 Mais à la rigueur les esclaves suffisent

154.0 4053.0 2034.0 207.0 quand on pense quels beaux bénéfices la traite

147.0 4170.0 617.0 152.0 fait réaliser.

337.0 4252.0 1837.0 202.0 A Coté du commerce d importation et

154.0 4367.0 2008.0 198.0 d exportation auquel les étrangers ont pris la

143.0 4480.0 2101.0 188.0 part prépondérante sinon exclusive, il y avait

157.0 4598.0 2191.0 177.0 le commerce intérieur. Ici le spectacle change.

356.0 4721.0 1792.0 172.0 Evidemment nous venons de le voir les

2691.0 2640.0 1281.0 182.0 Grégoire le Grand fait acheter

2620.0 2735.0 1352.0 166.0 des vêtements à Marseille

2483.0 2834.0 1489.0 168.0 Texte de Prov p. LXIV. Voir encore

2353.0 2910.0 1687.0 205.0 Jaffe n°947 où il se fait expédier des Vestes

2280.0 3025.0 1579.0 146.0 achetés à Arles au moyen de ses revenus.

2247.0 3154.0 1820.0 268.0 Lydus de magistratibus VIe s ed Wuensch

2464.0 3336.0 440.0 149.0 I. 17 p.21

2311.0 3570.0 1728.0 208.0 En tous cas la grande circulation

2278.0 3713.0 1708.0 172.0 de l'or nous force à admettre une

2241.0 3818.0 1798.0 197.0 exportation importante. Voy. pl loin 4.
