3960 5049
3345.0 95.0 524.0 206.0 135

70.0 41.0 1858.0 179.0 fait qu'à partir du milieu du VIIe s. la

50.0 152.0 1908.0 142.0 navigation des port musulmans de la mer

34.0 218.0 1947.0 161.0 Egée vers les ports restés chrétiens est devenue

49.0 296.0 1923.0 199.0 impossible et que s'il en a subsisté quelque

52.0 431.0 1107.0 141.0 chose, c'est presque rien.

58.0 474.0 1991.0 210.0 De Byzance et des côtes qu'elle défend autour

60.0 566.0 1941.0 213.0 d'elle la navigation a pu subsister, protégée

54.0 678.0 1918.0 202.0 par la flotte avec les autres régions grecques

58.0 757.0 1973.0 223.0 de la Grèce, de l'Adriatique, de l'Italie méri¬

49.0 858.0 1909.0 202.0 dionale et de la Sicile, mais on admettra

50.0 959.0 1889.0 227.0 difficilement qu'elle ait pu aller plus loin

42.0 1065.0 1956.0 227.0 quand on pense que déja en 650 l Islam at¬

53.0 1238.0 732.0 138.0 taque la Sicile.

64.0 1259.0 1967.0 230.0 Quant au mouvement commercial de l'A¬

46.0 1377.0 1946.0 215.0 frique, le ravage continuel du pays de 643 à

50.0 1467.0 2015.0 235.0 708 y a incontestablement mis fin. Il ne peut

37.0 1562.0 2129.0 255.0 plus être question des rares vestiges qui auraient

47.0 1691.0 1961.0 191.0 pu s en conserver après la prise de Carthage

53.0 1839.0 1336.0 163.0 en 698 et la fondation d Tunis.

34.0 1911.0 2000.0 211.0 La conquête de l'Epagne en 711 et tout de suite

58.0 2018.0 1951.0 178.0 après l'insécurité où vit la côte de Provence

42.0 2114.0 1933.0 186.0 achèvent d'enlever les dernières possibilités.

82.0 2195.0 1893.0 221.0 Et qu'on ne dise pas que les ports chrétiens

34.0 2277.0 2006.0 240.0 auraient pu entretenir durant le VIIe s. quel¬

33.0 2387.0 1984.0 207.0 que mouvement puisqu'il n'avaient pas de

42.0 2539.0 1147.0 163.0 flotte ou si peu que rien.

84.0 2586.0 1872.0 222.0 Ainsi on peut affirmer que la navigation

72.0 2695.0 1915.0 205.0 Orient-Occident cesse dès les invasions de 650

45.0 2815.0 1989.0 211.0 avec les régions a l Est de la Sicile et que dans

39.0 2917.0 1959.0 221.0 la seconde moitié du VIIe elle s'éteint dans

39.0 3035.0 1992.0 193.0 celles de l'Ouest. En 715 l'extinction est com¬

28.0 3138.0 1992.0 196.0 plète. Plus de trafic méditerranéen sauf sur

44.0 3272.0 865.0 173.0 les côtes byzantines.

50.0 3316.0 1989.0 216.0 Comme le dit Ibn Kaldoun (avec la réserve

42.0 3426.0 1998.0 200.0 qu'il faut faire pour Byzance) les chrétiens

35.0 3551.0 1945.0 193.0 ne peuvent plus faire flotter une planche

37.0 3662.0 2079.0 182.0 sur la mer. Celle-ci est maintenant laissée

31.0 3800.0 2014.0 155.0 à la piraterie sarrasine. Au IXe s. ils s empa¬

33.0 3903.0 2071.0 174.0 rent des îles, détruisent les ports, font des raz¬

53.0 4022.0 1970.0 138.0 zias partout. Le vide se fait dans le grand

60.0 4120.0 2095.0 172.0 port de Marseille qui avait été jadis la grande

55.0 4217.0 1951.0 164.0 étape avec le Levant. L'ancienne unité

60.0 4307.0 1952.0 206.0 économique de la Méditerranée est brisée

29.0 4425.0 1969.0 197.0 et elle le restera jusqu'à l'époque des croisades

32.0 4514.0 2030.0 204.0 Elle avait résisté Aux invasions germaniques ;

23.0 4637.0 1972.0 176.0 elle céda devant la poussée irrésistible de

20.0 4728.0 375.0 180.0 l'Islam.

2069.0 2889.0 1803.0 227.0 Il y a bien Corbie en 716, mais c'est une con¬

2063.0 2978.0 1784.0 234.0 firmation. Buchner, p. 54 qui admet la

2059.0 3082.0 1812.0 202.0 continuation au VIIIe s. du commerce Occid. ne

2046.0 3198.0 1348.0 204.0 cite que Commachio et Venise !
