4090 5056
129 68 1997 159 thique coupée de la mer. Leovigild succes¬

117 210 1964 115 seur d Athanagild fait encore savoir en

120 320 1953 120 567 son accession au trône à Justin II et

106 429 1436 107 lui demande sa confirmation

207 544 1930 132 La Méditerranée est donc redevenue un

126 646 1958 146 lac romain. Cela parait étonnant quand on

117 758 1958 135 pense que la guerre contre les Perses avaient

106 839 1986 161 repris, les Ostrog. ayant demandé le secours de

115 932 2050 169 Chosroès (Vassil. 181). On en arriva à une nou¬

115 1098 879 137 velle paix en 562.

109 1179 2011 152 De plus il fallait défendre les Balcans contre les

117 1282 1780 164 Slaves, les Gepides, les Kotrigours (Huns)

188 1428 1966 128 A la mort de Justinien l'Empire était épuisé.

123 1516 2006 138 Mais il est refait en partie et entouré partout

123 1623 1969 157 de forteresses (Vassil. 219-220) Et il y a Sainte

112 1766 1003 121 Sophie. Et il y a le Code

134 1862 2054 140 La periode qui suit Justinien de 565 à 610 est une

129 1971 1762 146 ds plus désolées d l histoire byzantine

126 2084 1958 132 Il y a a lutter contre les Perses, les Slaves et

129 2196 1503 149 les Avars. Et il y a les Lombards.

141 2325 2013 160 En 568 les Lombards envahissent l'Italie

132 2463 424 126 du Nord.

129 2542 2081 160 Mais il ne faut pas croire que pour les contem¬

120 2679 2000 132 porains Byzance paraisse déchue comme à

132 2786 2000 146 nous qui la voyons de loin et qu'on ait pu prévoir

148 2901 686 121 la catastrophe.

140 2980 2028 177 En somme elle a repris pied en Occident où

112 3109 1991 160 elle conserve l'Afrique, la Sicile, le Sud

123 3210 2020 169 de l'Italie où les Lombards ne parviendront

123 3348 1983 168 à prendre ni Rome, ni Ravenne, ni Naples

115 3455 2019 202 encore que dès 575 ils ayent avancé jusqu'à

117 3581 2009 182 Spolète et Bénévent qu'ils ne franchiront

115 3727 188 118 pas.

129 3794 2019 208 en Espagne les Wisigoths les repoussent décidé¬

117 3935 2017 175 ment en 614 mais il leur reste les Baléares.

146 4056 1983 168 Le pire évidemment, c'est l'invasion lom¬

106 4171 2026 177 barde à laquelle certains fixent la fin de

115 4291 2042 172 l'Antiquité mais il ne faut pas exagérer.

193 4432 1908 154 Les Lombards sont entrés en Italie à peu

103 4519 2026 216 près aussi germaniques que les Anglo Saxons

115 4668 1963 163 en Bretagne. Ce sont, pour la première fois

109 4769 2129 166 sur le continent de purs envahisseurs n'ayant

3640 100 293 263 47

2109 362 430 136 Lot, 310.

1888 1272 502 138 (Vassil. 184)

1923 1963 492 124 (Vassil. 221)

2221 2432 1675 183 Il reste encore à Byzance de puissants

2221 2592 742 129 moyens d'action

2353 2651 1568 171 1° sa flotte par qui elle maintient le

2328 2777 1419 147 contact av Ravenne, Sevile, Afrique

2306 2912 626 127 2° son trésor

2351 3005 834 132 3° sa diplomatie.

2233 3078 1705 169 C'est l'homme malade qui se main¬

2227 3176 1719 175 tient aussi par l incapacité à s'entendre

2221 3308 790 124 de ses adversaires.

2287 3803 1361 238 par Scintila (Vassil. I.261)
