4090 5056
3575 92 299 219 84

2032 172 143 144 4

780 269 2234 274 La circulation monétaire et la monnaie.

168 594 1990 210 Le sou d'or romain réajusté par Cons¬

139 737 2024 168 tantin était l'unité monetaire dans

147 855 2024 189 tout l'Empire au moment des invasions.

134 943 2016 215 Ce système monétaire que les barbares con¬

160 1032 2007 219 naissaient depuis longtemps par leurs sub¬

139 1150 2028 215 sides ils se gardèrent d'e toucher. Dans aucun

134 1247 2075 227 des pays occupés par eux on n'observe le moindre

156 1348 2032 232 changement. Bien plus même, ce sont les ef¬

156 1495 1977 186 figies des empereurs que les rois germaniques

151 1550 2041 249 imposent à leur monnaie. <...................>

156 1689 1985 223 <...... .. ........ ... .... ... .. .......>

122 1853 687 165 <... ... ......>

172 1900 2020 236 Il n'est rien qui atteste mieux la persistance

160 2009 1986 232 de l'unité économique de l'Empire Il étaits

151 2119 2003 223 impossible de lui enlever le bienfait de l'u¬

151 2233 2033 214 nité monétaire. Jusqu'au Cataclysme con¬

177 2325 2036 232 temporain des Carolingiens l Orient grec com¬

156 2405 2074 236 me l'Occident conquis par les Germains com¬

156 2511 2045 240 uniérent donc dans le Monométallisme

147 2624 2028 249 or qui avait été celui de l'Empire. Les navi¬

156 2721 2036 257 gateurs Syriens en débarquant dans les ports

177 2860 2091 236 de la mer Tyrrhénienne y retrouvaient les mon¬

151 2999 2050 211 naies auxquelles ils étaient accoutumé ds

143 3117 510 215 la mer Egée

172 3193 2020 245 Bien plus même, les espèces des nouveaux roy¬

172 3320 2024 231 aumes emboitent le pas aux changements in¬

151 3454 1750 203 troduits dans la monnaie byzantine.

156 3568 2108 228 Naturellemnt il y a des monnaies divisionnaires d'ar¬

147 3690 2054 236 gent mais on ne peut parler avec Dopsch II2 p 191

151 3821 1999 202 d'un bimétallisme. L'or seul est la monnaie

168 3880 1982 244 officielle. Le système monétaire des barbares est

151 4006 2016 224 celui d Rome. Le système Carolingien qui sera le

181 4129 2062 210 monométallisme argent est celui du Moyen âge.

172 4234 2029 227 Il n'y a d'exception que pour les Anglo Saxons chez qui

185 4356 1999 215 l argent joue le rôle principal. On y a pourtant

172 4470 1995 206 quelques monnaies d'or dans les parties méridio¬

185 4605 1969 193 nales de l'île, c'est à dire dans celles qui sont

156 4740 1985 189 en rapports commerciaux avec la Gaule et il

2521 547 1341 202 Sou ds Constantin = 4 gr. 54

2234 644 1699 198 on en taillait 72 à la livre. Le sol va¬

2226 712 1783 261 lait 15. 43 frs. or (Stein Spät. Rom. I.177)

2306 1146 363 202 au début

2698 1365 1164 236 Gunnar Mickwitz, Geld und

2234 1634 422 173 584 (29)

2702 1466 1244 274 Wirtschaft im Römischen Reich des

2656 1563 1341 286 4 Jahrh N.  Chr. (Helsingfors 1932 con¬

2546 1672 1425 261 clut p. 190 qu'il est impossible de consi¬

2517 1735 1467 278 dérer le 4e s. comme un siècle de Natural¬

2496 1824 1467 303 wirtschaft. Les finances seules de l'Etat

2487 1997 759 215 ont fait exception.

2268 2995 1733 325 Quand la croix haussée à la fin du VIe s.

2272 3117 1653 291 remplace la Victoire, les monétaires de

2260 3214 1741 287 Marseille puis les autres suivent l'exem¬

2276 3404 789 181 ple. Prou LXXXV.

2276 3661 506 185 et de bronze
