3960 5049
3392 33 445 307 161

21 14 2061 151 lui-même, comme on le fit plus tard. Or

14 122 2121 162 c est ce que les rois ne font pas. Ils peuvent bien

11 214 2116 148 accorder des franchises, mais ils n'abandonnt

30 318 2093 127 pas leur droit régalien. D'ailleurs les exemp¬

4 403 2230 119 tions d'impôt cad tonlieu n'affectent que

1 501 2112 108 les monastères et ce n'est surement pas eux qui

3 597 2088 131 maintiennent la grande circulation des mar¬

6 698 2144 118 chandises. Celle-ci a pour origine le commerce.

16 775 2012 185 Il faut donc admettre que le commerce

4 883 2090 161 diminuant, l impôt indirect, disons les

2 998 2119 136 peages, aura diminué d'autant. Or d'après

12 1076 2066 144 ce que nous avons vu plus haut, ce mouve¬

0 1196 2069 133 ment a dû commencer aux environs de

0 1274 2074 186 650, ce qui correspond admirablement avec

3 1388 2055 175 le progrès de l'anarchie dans le royaume. A

2 1494 2069 172 la fin du VIIe s. il est certain que les ressources

16 1617 2412 135 pecuniaires ou roi ont énormément fléchi. On

8 1724 2030 172 en a une preuve curieuse quand en 695,

19 1832 2131 168 le roi donne la villa de Nassigny à l'abbé

0 1937 2112 198 de S. Denys, pourvu que celui-ci lui fasse a¬

21 2057 1961 140 bandon d'une rente perpétuelle de 300

0 2161 2087 176 sous d'or qu'il percevait sur le trésor. Ainsi

15 2263 2032 169 le roi préfère ses ressources en argent à sa

25 2376 267 135 terre.

33 2474 2037 195 Que ces ressources dépendissent surtout

20 2609 2044 173 des péages sur la circulation commerciale,

2 2718 2102 148 c est ce dont on ne peut douter. La perception

24 2833 1981 145 en était infiniment plus facile et elle ne

17 2932 1979 170 provoquait par les mêmes résistances. On

6 3014 2067 161 ne voit pas qu'ici les évêques soient interve¬

28 3121 2081 139 nus. Pourtant l'impôt foncier s'est certai¬

26 3213 2052 148 nement conservé à côté de l'autre mais en

21 3307 2027 163 rapportant de moins en moins sans doute

29 3395 2130 201 à mesure que, spéculant sur la faiblesse crois¬

13 3498 2030 167 sante du roi, on lui aura arraché de plus en

36 3599 1492 183 plus des privilèges d'immunité.

37 3692 2054 207 Il paraît donc évident que l'affaiblissemnt

40 3815 1988 151 du trésor et de là l'affaiblissement de la

25 3922 2064 162 royauté et donc de l'Etat est surtout une con¬

12 4013 2114 180 séquence de l'anémie croissante du commerce

26 4141 2027 160 qui elle même est une conséquence de la

27 4237 2018 195 disparition du commerce maritime provo¬

23 4364 1969 173 quée elle même par l'éxpansion de l'Islam

46 4477 1481 180 sur les côtes d la Méditerranée.

41 4592 2080 189 Cette décadence du commerce devait atteindre

16 4704 2034 182 surtout la Neustrie où se trouvaient les ports

31 4795 1919 195 et les villes commerciales. Ainsi, cette région

2258 836 1676 246 Qu'on ne dise pas que j'exagère ici

2179 960 1764 199 l importance du commerce. Sans doute

2186 1041 1757 227 au p. d. v. absolu, il était peu de chose. Mais

2123 1153 1760 206 celui du M. Age aussi et pourtant quelles

2120 1236 1804 220 conséquences n'ont pas eues les prohibitions

2137 1322 1719 249 des laines anglaises p. ex. au XIII et au XIVe s.

2410 1851 823 172 Cellarium p. 202.

2213 3235 1696 212 Pour l'immunité Lit-Glotz, p. 316-317.
