3993 5058
3360.0 78.0 483.0 259.0 208

32.0 49.0 2103.0 161.0 par les gens de Fraxinetum. On constate d ail¬

8.0 160.0 2055.0 154.0 leurs que les cols conduisant vers la Provence

11.0 262.0 1321.0 111.0 sont maintenant désertés.

26.0 361.0 2053.0 125.0 Quant à parler de commerce avec l'Espagne,

14.0 456.0 2060.0 136.0 C'est une mauvaise plaisanterie. Levi-Pro¬

25.0 552.0 2007.0 150.0 vencal p. 183 dit que le Languedoc fut s.d.

3.0 661.0 2008.0 141.0 le tributaire des industries musulmanes

0.0 747.0 1991.0 160.0 d'Espagne au Xe s. "mais le manque absolu

0.0 831.0 2084.0 163.0 de documents sur la question n'autorise mal¬

0.0 929.0 2041.0 142.0 heureusement pour l'instant que des pré¬

3.0 1036.0 2039.0 130.0 somptions". Cependant l'Espagne est en pleine

0.0 1142.0 2125.0 118.0 prospérité. Le port d'Almeria aurait en 970

3.0 1240.0 1990.0 141.0 hôtelleries. La seule importation que l'on y

16.0 1352.0 1969.0 110.0 puisse constater c'est celle des esclaves, par

3.0 1445.0 2038.0 130.0 les pirates sans doute et aussi par les Juifs

0.0 1550.0 2028.0 153.0 de Verdun. Le grand commerce est donc bien

0.0 1624.0 2155.0 158.0 mort par là depuis le commencement du VIIIe s.

0.0 1748.0 2066.0 152.0 Tout ce qu il a pu se conserver c'est un colpor¬

1.0 1859.0 2075.0 146.0 tage d'objets précieux de provenance orientale par

8.0 1945.0 2053.0 128.0 les Juifs. C'est à lui sans doute que Theodulfe

0.0 2030.0 721.0 127.0 fait allusion.

39.0 2105.0 2021.0 156.0 Ainsi donc tout concorde. On a constaté

1.0 2237.0 2001.0 124.0 plus haut la fin de l'exportation du papy¬

1.0 2345.0 2014.0 137.0 rus, des épices, des soieries. Aucun mouvemet

9.0 2442.0 2021.0 146.0 d'affaires avec l'Islam. Ce que Lippmann dit

0.0 2540.0 2049.0 149.0 du sucre qui se repand de l'Italie du Sud ms

0.0 2649.0 2029.0 148.0 pas au N. avant le XIIe s. est probant. Les Grecs

8.0 2750.0 2042.0 143.0 d'Italie auraient pu être intermédiaires. Ils

5.0 2870.0 2087.0 160.0 ne l'ont pas été. On ne voit que trop bien pour¬

13.0 2982.0 285.0 119.0 quoi.

6.0 3072.0 2011.0 175.0 La classe des grands marchands a donc

0.0 3190.0 2032.0 157.0 disparu. On trouve bien ça et là un merca¬

0.0 3290.0 1975.0 197.0 tor ou un negociator (Voy. Sabbe). Mais ce

0.0 3421.0 2014.0 133.0 qu'on ne trouve plus ce sont des marchands

5.0 3513.0 2048.0 141.0 professionnels comme ceux de l'époque Mérov.

2.0 3581.0 2061.0 174.0 Plus de capitalistes donnent des terres aux E¬

0.0 3702.0 2025.0 175.0 glises et entretenant les pauvres. Plus de ca

0.0 3804.0 2119.0 188.0 pitalistes prenant les impôts à ferme et prê¬

0.0 3916.0 2015.0 183.0 tant de l'argent aux fonctionnaires. On ne

0.0 4017.0 2008.0 173.0 voit plus non plus de domus negotiantum.

0.0 4126.0 2005.0 158.0 On n'entend plus parler de commerce agglo¬

0.0 4242.0 937.0 137.0 méré dans les villes.

10.0 4334.0 2031.0 174.0 Ce qui subsiste parceque cela se rencontre à

1.0 4441.0 2048.0 180.0 toutes les époques ce sont des marchands occa¬

0.0 4541.0 2088.0 179.0 sionnels. Mais ce n'est pas là une classe de mar¬

0.0 4660.0 2040.0 180.0 chands. Il y a sans doute des gens qui profitent

2.0 4765.0 2099.0 153.0 d'une famine pour aller vendre du blé en de¬

5.0 4850.0 2114.0 186.0 hors. Ou qui vendent même leurs propres biens.

2127.0 2219.0 1780.0 228.0 Le moine de S Gall (Hapke Hans Gesch Bl

2086.0 2323.0 1814.0 237.0 1906 p. 309) dit que Louis le Pieux donnait

2095.0 2413.0 1793.0 233.0 aux gds fêtes preciosissima vestimenta aux

2086.0 2491.0 1778.0 269.0 gds officiers de son Palais. Etait ce de la

2099.0 2706.0 304.0 109.0 soie ?

2234.0 4106.0 1673.0 184.0 Capit 806 Boret. I 131 "Ordre aux Ev.

2202.0 4211.0 1733.0 140.0 de surveiller les trésors des Eglises "quia

2226.0 4299.0 1667.0 137.0 dictum est nobis, quod negociatores

2222.0 4379.0 1547.0 169.0 Judaei necnon et alii gloriantur

2222.0 4437.0 1687.0 210.0 quod quicquid eis placeat possint ab

2198.0 4595.0 599.0 104.0 eis emere".
