3993 5058
3491.0 76.0 379.0 182.0 204

14.0 37.0 2164.0 182.0 Geldwirtschaft p. 11<.> se trompe ici complètement.

23.0 166.0 2192.0 134.0 Dans le t. II de Carol. auquel il renvoye (p.306)

0.0 267.0 2099.0 141.0 il veut d'abord prouver que, contre la théorie

5.0 376.0 2035.0 148.0 courante (qui admet faussement la frappe de

0.0 473.0 2057.0 166.0 l'argent parce qu il n'y a plus d'or) l'or n'a pas

3.0 582.0 2053.0 126.0 disparu au VIIIe s. Preuves : les amendes en

0.0 670.0 1985.0 169.0 or que Charles et Louis imposent au duc de

5.0 792.0 2015.0 124.0 Bénévent (!) <...>, le butin fait sur les Avares

0.0 864.0 2065.0 167.0 et l'or apporté ds le Sud de la France par les Mus¬

2.0 975.0 2034.0 146.0 sulmans d'Espagne "in regem Handels ver¬

0.0 1065.0 1998.0 166.0 kehr" (p.307) Il cite 900 sous d'or donnés par le

0.0 1159.0 2085.0 155.0 maire du Palais Pepin à S. Corbinian ! Enfin

0.0 1280.0 2086.0 149.0 le fait qu'on a trouvé à Ilanz (Chur) quelques

3.0 1386.0 2067.0 147.0 pièces d'or, ainsi que les pièces frisonnes. Enfin

0.0 1478.0 1828.0 151.0 il invoque le grand luxe de l'époque !

39.0 1584.0 1985.0 143.0 D'après lui, p. 309, si les Carol. ont frappé de

2.0 1673.0 2076.0 149.0 l argent, c'est parce qu'ils se sont trouvés en

2.0 1744.0 2065.0 149.0 présence d'une formidable crise monétaire

6.0 1844.0 2023.0 157.0 et qu ils ont voulu faire disparaître la

0.0 1927.0 2056.0 143.0 mefiance pour les mauvaises pièces d'or, par

19.0 2019.0 2022.0 159.0 de bons et forts deniers d'argent (309) Il

21.0 2134.0 2152.0 135.0 pousse l incompréhension jusqu'à Comparer

14.0 2243.0 1981.0 142.0 leur réforme avec celle des gros deniers au

0.0 2328.0 516.0 157.0 XIIIe siècle.

0.0 2452.0 2083.0 145.0 Ce qu'il faut voir c'est qu'avec les Carolingiens

0.0 2551.0 2069.0 138.0 se produit une rupture complète du système

0.0 2646.0 2031.0 137.0 monétaire. C en est fait non seulement de

0.0 2735.0 2044.0 143.0 l'or, mais du sou bâse monétaire. On aban¬

0.0 2840.0 2023.0 149.0 donne de plus la livre romaine pour une livre

2.0 2959.0 1995.0 118.0 beaucoup plus lourde de c. 491 grammes au

0.0 3040.0 2016.0 147.0 lieu de 327. Elle est debitée en 240 rondelles

0.0 3147.0 2004.0 144.0 d'argent pur qui portent ou conservent leur

0.0 3242.0 1989.0 133.0 nom de deniers. Ces deniers et les oboles 1/2

0.0 3334.0 2064.0 154.0 deniers sont les seules monnaies réelles. Mais

0.0 3449.0 2094.0 169.0 il y a à côté d'elles des monnaies de compte, sim¬

0.0 3566.0 2225.0 122.0 ples expressions numérales correspondant cha¬

3.0 3663.0 2116.0 181.0 cune à une quantité déterminée de deniers.

0.0 3738.0 2086.0 179.0 Ce sont le sou qui, probablement en vertu de

3.0 3849.0 2044.0 172.0 la numérotation duodécimale des Germains

0.0 3948.0 2019.0 157.0 correspond à 12 deniers et la livre qui com¬

0.0 4056.0 2039.0 148.0 prend 20 sous. Evidemment, cette petite mon¬

3.0 4176.0 2055.0 162.0 naie n'est pas faite pour le grand commerce ;

0.0 4268.0 1991.0 154.0 sa mission principale est de servir la clientèle

0.0 4368.0 1931.0 150.0 ds ces petits marchés locaux si fréquemmnt

0.0 4467.0 1951.0 155.0 mentionnés ds les Capitulaires et où les ventes et

0.0 4544.0 1464.0 163.0 les marchés se font per deneratas.

0.0 4632.0 1997.0 208.0 Le système monétaire de Charles marque donc

0.0 4759.0 2021.0 156.0 une rupture complète avec l'économie médi¬

0.0 4825.0 1948.0 198.0 terranéenne qui a duré jusqu'à l'invasion de

2303.0 223.0 1582.0 130.0 naies d'or, mais imitées des monnaies

2288.0 311.0 1682.0 148.0 arabes, Lot Glotz, p.693. Cet or là devait

2101.0 398.0 1885.0 154.0 venir p. le commerce Scandinave -peut-

2264.0 492.0 1705.0 143.0 être comme celui des monnaies frisonnes.

2283.0 555.0 1687.0 177.0 C'est en ts cas une preuve de la necessite de

2275.0 666.0 1706.0 171.0 la monnaie d'or pr le commerce à lon¬

2294.0 742.0 1602.0 199.0 gue distance et une confirmation

2268.0 816.0 1711.0 201.0 de la disparition de ce commerce là où se

2274.0 907.0 1419.0 193.0 substitue la monnaie d'argent.

2036.0 2938.0 875.0 149.0 Pirenne Livre p. 96 sq.

2044.0 4095.0 1879.0 186.0 Remarquer que les Capitulaires ne citent jamais

2316.0 4216.0 1010.0 171.0 que des deniers d'argent.
