3960 5044
3381 91 476 216 142

117 37 1914 148 Et il en va de même naturellement du

96 149 1470 182 vin de Gaza qui disparait aussi.

114 241 2117 191 Je dirai même qu'il en va de même de l'huile

100 369 1987 163 qui n est plus exportée d'Afrique. Celle dont

90 473 1975 135 on se sert encore vient de Provence ou en tous

79 561 2011 170 cas de l'intérieur. Le luminaire des Eglises se

92 658 1289 157 fait maintenant à la cire.

114 762 1954 174 De même la soie parait bien étrangère à

101 873 2034 199 l'époque. Je n'en trouve qu'une seule mention

94 966 2100 174 dans les Capitulaires I, 251 ds les Brevium Exem¬

92 1083 1976 148 pla de circa 810 où il est question dans le

89 1171 1951 186 trésor d une Eglise une dalmatica sirica, des

95 1286 2004 153 fanones lineos serico paratos, linteamenta

89 1395 1982 143 serico parata, manicas seriseas auro et

84 1483 1992 164 maRgaritis paratas 4 et alias sericeas 4,

85 1574 2004 142 plumatium serico indutum. Ce sont tous

73 1670 1970 176 ornements d'eglise, mais un certain nombre

81 1770 1922 148 sans doute < ne > remontent < pas > à la période

67 1872 552 145 antérieure.

83 1948 2074 167 On sait combien Charlemagne était simple

86 2064 2041 158 dans ses vêtements. La cour bien certaine¬

71 2152 2086 167 ment l'a imité. Mais sans doute cette sim¬

89 2264 2054 189 plicité qui contraste si fort avec le luxe mé¬

86 2372 2010 180 rovingien est imposée. Dopsch croit avoir

75 2469 1940 193 démontré l'existence du luxe à l'époque

51 2573 2045 205 merovingienne. Ce qu'il en dit prouve précisé¬

58 2679 1346 209 ment que ce luxe n'existe pas.

79 2768 2087 208 Il faut conclure de tout cela à la fois de l'im¬

49 2908 2069 188 portation orientale à la suite de l'expansion

62 3015 2042 199 islamique. Mais un autre fait tout à fait

56 3114 2031 208 frappant est à constater, c'est la raréfaction

50 3235 1993 188 progressive de l'or. On peut s'en apercevoir

988 3387 544 78 mérovingien

69 3363 2038 189 par le monnayage < carolingien > dont les pièces

56 3445 2045 216 contiennent un alliage d'argent de plus en

60 3558 1971 179 plus fort. Surement l'or a cessé de venir

53 3666 2062 201 d'Orient. Tandis qu'il continue à circuler en

56 3754 2132 218 Italie, il se raréfie en Gaule au point qu'on renonce

74 3886 2008 148 à s'en servir comme monnaie. A partir de

47 3958 2032 205 Pepin et de Charlemagne, on ne frappe plus que

56 4096 2006 196 des deniers d argent sauf exceptions qui confir¬

34 4194 2051 224 ment la règle. L'or ne reprendra plus sa place

54 4300 1997 240 dans le système monétaire qu'à la même

53 4423 1970 227 époque où les épics reprendront la leur dans

40 4526 699 181 l'alimentation.

41 4633 2007 224 C'est là un fait essentiel et qui vaut mieux

44 4765 2178 234 que tous les textes. Si étrange qu'il soit d'admettre
