3978 5058
3433 31 391 342 185

44 33 2041 145 au point de vue puremt byzantin d l empereur

35 134 2078 170 n'est pl guère qu'un évêque italien. Son influ¬

35 223 2024 145 ence hiérarchique et son influence dogmati¬

48 319 2013 134 que ne s'exerceront plus sur l'Orient dont il

36 425 2028 138 est exclu. L'Eglise latine est repoussée par

60 515 2027 166 l'empereur lui meme du monde byzantin.

27 646 2076 147 Et cependant le pape ne rompt pas avec l'empe¬

38 715 2059 176 reur. Peut-être sa fidelité s explique-t-elle par

18 821 2068 191 le changement d'attitude de Luitprand qui,

32 937 1991 162 rompant maintenant avec l'exarque,

25 1045 2084 155 s empare de Ravenne et trahit ainsi son in¬

40 1136 2026 183 tention de conquérir toute l'Italie. Il en

49 1250 1986 130 résulterait pour <......> le pape, si Rome

34 1340 2037 163 tombe, d'être dégradé au rang d'un évêque

36 1458 2056 143 lombard. Aussi s'attache-t-il à la cause

27 1563 2115 161 grecque. Il exhorte l'évêque de Grado à pousser

38 1657 2065 186 les gens des lagunes (les Venitiens) à utiliser

27 1769 2160 157 leur marine contre les Lombards de Ravenne

30 1885 2034 153 qui n'ont pas de flotte. La ville est reprise

17 2001 2114 178 par eux et de nouveau occupée par l'exarque

26 2113 2054 175 en 735 (Hartm. 134). Mais Luitprand reste

44 2206 2086 185 redoutable. En 738 le pape s'allie contre lui

36 2316 2047 172 aux ducs de Spolète et de Bénévent (Jaffé p. 259).

29 2446 2074 181 Mais en 739 Luitprand attaque le duc de Spo¬

27 2546 2023 181 lète, le force à se réfugier à Rome et il se met

31 2662 2024 170 à piller la campagne romaine. (Hart. 138)

88 2786 1985 179 Il faut que le pape se fasse de l'air. Et c'est

46 2897 2030 171 ici qu'apparait l'immense ressource de l E¬

50 2992 2030 180 glise anglo saxonne. Elle avait triomphé de la

36 3096 2008 176 concurrence irlandaise. Forcément, cette

51 3207 2087 181 oeuvre du pape avait grandi sous le pape. Les rois

0 3312 2153 158 convertis venaient à Rome et lui demandaient

57 3417 2042 163 la direction. En 669 la pape Vitalien avait envoyé

49 3523 2011 167 le moine grec Théodore comme archevêque

55 3624 2003 167 de Cantorbéry (Schubert, 269) et il s'y montra un

54 3733 1034 155 organisateur de génie.

58 3826 2146 171 Cette eglise anglo saxonne, poste avancé de Rome

46 3938 1927 164 dans le Nord dirige bientôt son action sur

60 4028 1934 168 la Germanie encore payenne. Déjà Wilfrith

52 4139 2010 188 prêche chez eux en 678. Puis c'est Willibrord

66 4260 1899 193 qui arrive en 690 sur le continent. Mais

63 4359 2038 171 avant de commencer sa mission il va prendre

63 4427 1963 194 à Rome la bénédiction du pape Sergius, la

49 4537 2070 201 lic<.>ence de prêcher et des reliques pour les églises

55 4657 1926 170 qu'il fondra. En Frise, il est naturellement

63 4754 1949 185 soutenu par Pepin pour des motifs religieux ms
