3978 5058
3398.0 119.0 447.0 298.0 187

50.0 67.0 2017.0 111.0 puissant maître de l'Occident. Il lui en¬

24.0 172.0 2057.0 129.0 voie sa grande décoration, les clefs du <..> sé¬

26.0 257.0 2030.0 121.0 pulcre en lui offrant d'abandonner l'em¬

31.0 341.0 2104.0 135.0 pereur "et Romanum consulatum praefatO<.>

15.0 427.0 2044.0 135.0 principi Carolo sanciret" (Jaffé p.260) Il lui

27.0 516.0 2038.0 153.0 envoye une lettre, par un évêque et un prêtre

25.0 603.0 2067.0 156.0 où il semble bien qu'il ait parlé au nom des

25.0 681.0 2032.0 172.0 Romains (Ibid). Et il lui écrit encore peu après

20.0 775.0 1487.0 155.0 pour l'appeler à l aide (Ibid. 261).

19.0 880.0 2020.0 170.0 Mais Charles ne peut se brouiller avec le roi

7.0 973.0 2009.0 178.0 des Lombards qui justement vient de faire

25.0 1086.0 2076.0 146.0 pour lui une expédition contre les Sarasins

21.0 1190.0 582.0 130.0 de Provence.

29.0 1263.0 2158.0 203.0 En 741 meurent en m. temps Grégoire III, Char¬

21.0 1390.0 2059.0 142.0 les Martel et Léon III. Au 1er succède Zac¬

16.0 1474.0 2133.0 174.0 charie, au second Pepin, au 3e Constantin V

13.0 1584.0 2122.0 173.0 Copronyme (741-775) qui est un iconoclaste

31.0 1686.0 2044.0 180.0 fanatique. Rome s'emplit de moines grecs

21.0 1795.0 2195.0 142.0 bannis et furieux. Il doit y avoir là une exas¬

29.0 1910.0 2084.0 103.0 peration terrible contre Constantinople. Zac¬

14.0 2003.0 2148.0 128.0 charie ne s'est pas fait ratifier par l'empereur.

27.0 2095.0 2111.0 127.0 A peine élu, il conclut avec Luitprand une

20.0 2177.0 1994.0 158.0 trêve de 20 ans. Luitprand attaque alors de

12.0 2280.0 2080.0 146.0 nouveaux l'exarchat en 743. Et de nouveau

29.0 2370.0 2050.0 161.0 le pape prend le parti de l'empereur. A la de¬

4.0 2474.0 2144.0 147.0 mande de l'exarque il va trouver Luitprand

15.0 2586.0 2389.0 145.0 à Ravenne et en obtient une trêve (Hartm. 144)

128.0 2687.0 2019.0 156.0 Cependant, par l'intermédiaire de Boniface

31.0 2780.0 2048.0 155.0 les relations du pape avec Pepin qui celui-ci

30.0 2890.0 2112.0 141.0 se montre beaucoup pl favorable que son père

35.0 2991.0 2117.0 155.0 à l Eglise, sont devenues de pl en pl intimes. Dès

40.0 3090.0 1951.0 163.0 que Pepin est débarrassé de Carloman et des

42.0 3191.0 2271.0 118.0 guerres, il trouve le momént venu de faire

18.0 3276.0 2221.0 144.0 enfin le coup d'Etat qui s'impose. Sans doute

37.0 3371.0 1948.0 193.0 il n'a qu'à vouloir. Mais il ne veut rien

50.0 3470.0 2110.0 162.0 laisser au hasard et de là la fameuse démar¬

42.0 3576.0 2038.0 154.0 che à Zacharie. Il est d'ailleurs en rapports avec

31.0 3675.0 1922.0 157.0 lui à cause de ses efforts pour réformer l Eglise

23.0 3781.0 2109.0 169.0 (ses synodes) dont le pape ce réjouit. Il sait donc

34.0 3876.0 2067.0 153.0 qu'il peut compter sur sa faveur. En 751, Bur¬

34.0 3990.0 2029.0 152.0 chard, eveque de Wurzbourg, un des nouveaux

36.0 4068.0 2060.0 156.0 eveques donc du Nord, et l'abbé Folrad, viennet

32.0 4153.0 2050.0 194.0 à Rome pour la fameuse question et pour rece¬

38.0 4249.0 2432.0 199.0 voir la fameuse réponse et d après les Annales Laurissenses

53.0 4367.0 2033.0 176.0 <.........., ...... .. .... .......> per ordi¬

42.0 4462.0 2072.0 189.0 nem apostolicam jubet Pippinum regem fieri".

65.0 4564.0 1994.0 176.0 Et là dessus le pauvre Mérov. qui attendait

54.0 4658.0 1998.0 170.0 son sort est envoyé ds un monastère sans que

57.0 4762.0 1375.0 155.0 personne se soit inquiété de lui.

78.0 4852.0 2000.0 176.0 Le renversement est donc fait. Le Nord l'em¬

2151.0 229.0 441.0 125.0 de S. Pierre

2110.0 815.0 1850.0 172.0 Charles repondit p une ambassade de polites¬

2082.0 937.0 1526.0 169.0 se, mais ne fit rien (Hartm. p 170)

2134.0 1640.0 1582.0 201.0 L Italie aurait reçu 50000 moines

3369.0 1733.0 602.0 167.0 (Vassil I 348)
