3960 5049
3379 107 428 203 133

129 23 1935 173 pereur, le duc d Bénévent et même les Mu¬

131 111 1903 177 sulmans pour conserver l'autonomie néces¬

118 218 1840 157 saire à leur commerce. Tantôt ils sont pour

107 302 1969 218 tantôt contre. Voy. ma fiche : Naples et les Mu¬

106 396 339 168 sulmans.

136 515 1876 189 L expansion islamique n'a donc pu englo¬

105 612 1991 170 ber toute la Mediterranée. Elle l'encercle a l'est

97 724 1912 171 au Sud et à l'Ouest, mais elle n'a pu mordre

108 826 1907 161 sur le Nord. Elle est maintenant la limite

95 928 1928 157 entre Islam et Chrétienté. Tout ce qu'elle a

105 1015 1983 179 perdu au profit de l'Asie gravite vers Bagdad.

90 1098 1930 206 Parlant de l'Afrique Marçais dit "Les ports

93 1210 1952 177 sont coupés entre elle et l Europe Chrétienne".

94 1307 1923 212 Elle vit les yeux fixés vers Bagdad ou vers le

82 1398 279 169 Caire".

99 1507 1941 198 Elle a du même coup séparé Orient et Occi¬

84 1618 1933 219 dent. lien qu avait laissé subsister l'in¬

68 1736 1987 197 vasion germanique est coupé. Byzance n'est

95 1832 1990 203 pl maintenant que le centre d'un Empire

92 1936 1903 176 grec. Plus de possibilité de politique Justi¬

94 2069 1926 158 nienne. Il faut se borner à défendre ce que

72 2148 2021 176 l'on a. Les postes les plus occidentaux sont Ve¬

63 2245 1957 206 nise, Naples, Gaëte, Amalfi. La flotte permet

70 2360 2015 191 encore de conserver avec eux le contact. La Mé¬

66 2457 2010 157 diterranée < occiden > orientale grâce à cela n'est

76 2570 2026 150 pas devenue un lac Musulman. Mais la Mé¬

70 2658 1998 166 diterranée Occidentale l'est en plein. Ici, elle

67 2750 1976 195 est une barrière, elle qui avait été un moyen

65 2866 841 169 de communication.

80 2988 1937 173 L'islam a donc rompu l'unité Méditer¬

55 3092 1951 203 ranéenne que les invasions germaniques

62 3199 1925 159 avaient laissé subsister. C'est là le fait

65 3299 1966 200 le pl essentiel qui se soit passé dans l'histoire

52 3409 1996 171 européenne depuis les guerres puniques. C'est la

57 3502 1960 153 fin de la tradition antique. C'est le commen¬

29 3592 1986 202 cement du Moyen Age au moment même où

38 3697 1996 185 l Europe était en train de se byzantiniser. Il

44 3822 1993 161 en faut maintenant suivre les consé¬

44 3937 1597 155 quences dans tous les domaines.
