3960 5049
3379.0 46.0 395.0 231.0 160

15.0 21.0 2051.0 173.0 roi, le trésor demeurait largement alimenté

26.0 140.0 1901.0 178.0 tant que le commerce demeurait intact.

16.0 257.0 2118.0 155.0 Ce trésor était le moyen d'entretenir la trus<..>

5.0 352.0 2053.0 186.0 royale qui est la "garde" du roi et si on veut

0.0 450.0 2089.0 173.0 sa véritable armée permanente. Mais il faut

0.0 563.0 2151.0 167.0 qu'il puisse payer pour qu'à cette époque où les rois

16.0 654.0 2135.0 164.0 donnent eux-mêmes continuellemnt l'exem¬

8.0 784.0 2057.0 158.0 ple du parjure, les "leudes" maintiennent

0.0 901.0 771.0 126.0 leur serment.

64.0 973.0 1985.0 205.0 Or ce trésor qui est le véritable instrumen¬

14.0 1075.0 2020.0 204.0 tum regni commence à s'amincir dans le

0.0 1169.0 2028.0 198.0 courant du VIIe siècle. D'abord il n'y a plus le

21.0 1287.0 2085.0 223.0 butin des guerres extérieures. Il n'y a plus non

12.0 1428.0 1369.0 163.0 plus les subsides byzantins.

67.0 1600.0 2066.0 147.0 Le roi n'est pas du tout un "foncier" comme

34.0 1690.0 2042.0 198.0 le dit <.......> Calmette (p.10) qui ne vit que de

11.0 1783.0 1988.0 164.0 ses terres. Il suffit pour s'en assurer de lire

12.0 1889.0 2039.0 160.0 Grégoire de Tours. Evidemment il a des masses

33.0 1960.0 1999.0 194.0 de terres et des villas constituant son fisc. Et il

27.0 2067.0 2036.0 169.0 peut en donner beaucoup et même en gaspiller

58.0 2167.0 1978.0 166.0 au profit de ses amis, des Eglises surtout qu'il

35.0 2263.0 1972.0 179.0 comble. Mais je ne vois pas dans Grégoire le

37.0 2383.0 1991.0 173.0 rôle politique de cette propriété. Tant que le

41.0 2489.0 2053.0 170.0 roi est puissant d'ailleurs il peut reprendre

31.0 2595.0 2048.0 173.0 qu'il a donné. Et je ne comprends pas bien, au

36.0 2686.0 2080.0 200.0 milieu de partages continuels, comment il pourrait

62.0 2808.0 1934.0 166.0 faire reposer son pouvoir sur le fisc foncier

58.0 2911.0 1993.0 160.0 sans cesse réparti autrement. Tout indique

49.0 3008.0 2015.0 173.0 que c'est l'impôt qui est l'essentiel. Fustel,

54.0 3114.0 2025.0 184.0 Transformat p. 29 reconnait qu' "il y avait

58.0 3214.0 1979.0 198.0 là de quoi enrichir cette royauté et suf¬

64.0 3307.0 2038.0 181.0 fire à tous les besoins de son gouvernement"

73.0 3422.0 2021.0 166.0 comment cet impôt, legs de Rome, qui n'a ja¬

63.0 3524.0 2009.0 176.0 mais été supprimé a-t-il cependant rapporté

93.0 3637.0 1983.0 181.0 de moins en moins ? D après Fustel, c'est par la

77.0 3727.0 2037.0 207.0 résistance des évêques et l'immunité accordée

66.0 3824.0 2046.0 202.0 aux grands tant laïques qu écclésiastiques.

72.0 3941.0 2046.0 198.0 Le roi aurait donc lui-même sapé la bâse

72.0 4059.0 694.0 173.0 se son pouvoir.

65.0 4140.0 1953.0 198.0 Et de même les revenus du tonlieu se se¬

87.0 4272.0 1962.0 189.0 raient réduits de plus en plus par les exemptions

106.0 4401.0 946.0 179.0 qui en ont été octroyées.

110.0 4492.0 1985.0 226.0 Cette politique des rois est trop bête pour qu'elle

106.0 4625.0 1930.0 165.0 puisse être admise. Il y aurait eu un moyen

95.0 4709.0 2019.0 211.0 bien plus simple qui eût été de concéder l'impôt

2063.0 1891.0 1806.0 265.0 au clergé une richesse pl grande qu'à aucune

2141.0 3847.0 1605.0 190.0 sont empruntés à Greg. de Tours Or, après

2433.0 378.0 949.0 230.0 Guilhermoz p.70.

2226.0 1607.0 1638.0 224.0 Lot-Glotz p.318 le dit aussi. et p. 320.

2149.0 1741.0 1683.0 240.0 L'immensité même des donations foncières

2090.0 1834.0 1731.0 242.0 des rois qui, d'après Lot-Glotz p. 340 donna

2074.0 1968.0 1773.0 280.0 autre époque, indique qu'ils ne devaient ac¬

2064.0 2047.0 1750.0 272.0 ¬corder une grande importance ni à ces

2087.0 2104.0 1727.0 285.0 terres, ni à leur produit, ni même donc à

2123.0 2189.0 1720.0 275.0 l'impôt qu'l en retirait. Il faut donc ad¬

2101.0 2281.0 1763.0 272.0 mettre que le theloneum était de beaucoup

2125.0 2482.0 827.0 170.0 le plus important.

2167.0 3504.0 1615.0 232.0 Tous les exemples un donne Fustel, Trans¬

2164.0 3622.0 1626.0 240.0 format. p.32 de la remise ou de l abolit de

2145.0 3719.0 1724.0 219.0 l impôt foncier p les rois en faveur d Eglises

2125.0 3917.0 1670.0 245.0 Greg. les rois sont encore très puissants,

2053.0 4098.0 587.0 143.0 donc riches.
