3960 5049
3360.0 0.0 518.0 374.0 150

39.0 100.0 1956.0 126.0 Cependant c'est ici un autre monde fait de

36.0 196.0 1982.0 131.0 vieilles villes dont la civilisation continue alors

38.0 313.0 1252.0 127.0 qu'elle est coupée en Occident

66.0 381.0 1946.0 159.0 Bari, par exemple, reste complètement grec et

41.0 486.0 1970.0 150.0 conserve ses institutions municipales byzan¬

44.0 586.0 1957.0 171.0 tines jusque sous Bohémond (Rev Hist. Nov.

38.0 703.0 714.0 146.0 Déc. 26 p.205).

47.0 771.0 1940.0 174.0 Mais il en va de même de Salerne, Naples,

50.0 861.0 2038.0 185.0 Gaëte et Amalfi sur la côte occidentale. Ce sont

49.0 970.0 1957.0 174.0 là des ports essentiellement actifs et qui comme

42.0 1061.0 1947.0 164.0 Venise ne conservent qu'un lien très lâche avec

45.0 1131.0 1989.0 191.0 Byzance. Il luttent pour leur autonomie contre

40.0 1230.0 2017.0 181.0 le duc de Bénévent. Leur hinterland est beau¬

35.0 1321.0 2050.0 195.0 coup plus riche qui celui de Venise, car Bénévent

28.0 1419.0 1947.0 177.0 conserve sa monnaie d'or et ils ne sont pas

36.0 1517.0 1931.0 205.0 loin d Rome qui reste tout de même par les

47.0 1610.0 2015.0 178.0 Eglises et l'afflux des pèlerins un gros consom¬

41.0 1713.0 2052.0 168.0 mateur d'épices, de parfums, de tissus précieux

51.0 1810.0 1989.0 172.0 et même de papyrus. Il y a là une civilisation

39.0 1921.0 1962.0 174.0 encore assez raffinée. Paul Diacre enseigne

57.0 1991.0 2037.0 182.0 le grec à la princesse Adelperga. Le duc Arichis

45.0 2079.0 1929.0 183.0 construit à Bénévent une église de Ste

35.0 2209.0 2046.0 182.0 Sophie qu'il embellit d'ornements venus de

61.0 2300.0 2001.0 187.0 Constantinople (Gay, 46-48) Ce même Arichis,

42.0 2398.0 1919.0 169.0 à la fin du VIIIe s. reçoit d'Orient des étoffes

49.0 2499.0 1923.0 178.0 de soie, de pourpre, des vases d'or et d'argent

69.0 2597.0 1950.0 186.0 ciselé. Il se vante de recevoir les produits de

70.0 2700.0 1898.0 156.0 l'Inde, de l'Arabie, de l'Ethiopie. (Gay, 46).

101.0 2847.0 1928.0 159.0 Quoique Bari ait été occupé par les Musul¬

80.0 2953.0 1965.0 165.0 mans jusqu'en 871, leur "soudan" délivre des

71.0 3030.0 2000.0 166.0 permis de navigation aux moines partant

69.0 3130.0 1940.0 162.0 pour Jérusalem et les recommande au calife

66.0 3232.0 902.0 179.0 de Bagdad. (Gay, 66)

60.0 3382.0 1999.0 192.0 Il faut insister sur ce que les ducs de Bénévent

66.0 3495.0 1906.0 175.0 conservent la monnaye d'or et m. le système

69.0 3606.0 1974.0 165.0 monétaire byzantin (Engel p 288). Ils payent en

64.0 3692.0 2007.0 152.0 sous d'or leurs amendes aux souverains francs

81.0 3784.0 1965.0 179.0 (Richter II) Evidement il y a ici continuation

73.0 3879.0 1961.0 165.0 de l'unité méditerranéenne qui a disparue plus

51.0 3975.0 272.0 157.0 haut.

82.0 4061.0 1913.0 180.0 Ces gens ci conservent une flotte. En 821 les

108.0 4196.0 1864.0 142.0 Annales Laurissenses parlent de "Octo

92.0 4294.0 1914.0 192.0 naves negotiatorum de Sardinia ad Ita¬

76.0 4384.0 1972.0 192.0 liam revertentium" qui ont été capturés par

96.0 4496.0 2011.0 170.0 des pirates sarrasins. On doit supposer que c'est

86.0 4604.0 2041.0 174.0 avec leurs bateaux que s'est faite en 828 l'ex¬

91.0 4714.0 1991.0 161.0 pédition de Boniface de Toscane en Afrique

92.0 4811.0 2102.0 174.0 car on sait qu il y a eu entente à ce propos entre

2057.0 373.0 512.0 134.0 Brin disi
