4090 5056
3645.0 98.0 337.0 278.0 64

143.0 55.0 2019.0 127.0 des thelonearii constitués spécialement pr

134.0 164.0 2004.0 128.0 les transmarini negotiatores. Les commer¬

143.0 249.0 2064.0 141.0 ciaires byzantins introduits à Carthage après

154.0 351.0 1969.0 162.0 la reconquête (Diehl. Afr. Rom. p.500) ont

137.0 449.0 1941.0 152.0 dû exercer sans doute quelque influence

137.0 567.0 1576.0 104.0 dans toute la mer tyrrhénienne.

216.0 648.0 1952.0 146.0 Toutes ces mentions prouvent que ce se

137.0 758.0 2101.0 140.0 rait une erreur, de vouloir considérer ce com¬

146.0 848.0 1988.0 151.0 merce comme portant seulement des

143.0 921.0 1989.0 194.0 objets de luxe. Sans doute l archéologie ne

140.0 1022.0 1997.0 188.0 nous a naturellement conservé que ceux-ci

134.0 1117.0 2144.0 205.0 (Voy. pl. haut) et le Liber Judiciorum Wisigothique

148.0 1249.0 1984.0 149.0 parle du transmarinus negociator ap¬

146.0 1337.0 2000.0 174.0 portant "aurum, argentum, vestimenta

148.0 1432.0 2040.0 205.0 vel quaelibet ornamenta (Zeumer Leg Wisig.

140.0 1530.0 2135.0 222.0 I. 404). G. de Valeavellano (Anuario X. 508)

146.0 1657.0 2064.0 191.0 S'y est laissé prendre. Et sans doute on pour¬

148.0 1767.0 2020.0 184.0 rait citer ici bien des choses: les ivoires de pro¬

143.0 1876.0 2059.0 206.0 venance égyptienne représentés dans nos tré¬

151.0 1983.0 1992.0 207.0 ors (Laurent), la tunique liturgique histo¬

151.0 2087.0 1978.0 218.0 riée se Saqqesara, la tunique égyptienne de

153.0 2196.0 1970.0 205.0 S. Hidulphe (+707), les bourses de Phénicie qui

162.0 2317.0 1995.0 227.0 d'après Grégoire étaient d'usage courant chez

713.0 2438.0 1433.0 154.0 et les voiles orientaux dont on

154.0 2542.0 1975.0 168.0 ornait les autels. Sans doute le grand luxe

154.0 2626.0 2017.0 194.0 était tout oriental et la mode de Constanti¬

154.0 2727.0 2112.0 205.0 nople donnait le ton comme aujourd'hui celle

148.0 2845.0 2124.0 208.0 de Paris. Et on sait que le luxe était très grand

160.0 2971.0 2002.0 199.0 chez les Mérovingiens. Les textes abondent

160.0 3101.0 1949.0 185.0 qui nous renseignent sur le port de la

160.0 3227.0 2098.0 177.0 soie tant chez les hommes que chez les femmes.

171.0 3336.0 2042.0 175.0 et cette soie d'où peut-elle donc venir sinon

160.0 3450.0 2039.0 176.0 d'Orient? Elle s'y acheminait depuis la Chine

151.0 3544.0 2037.0 189.0 jusqu'au moment où Justinien en établit

172.0 3702.0 1569.0 137.0 la fabrication dans l'Empire.

214.0 3783.0 2013.0 177.0 Le luxe de la table était aussi approvisionné

148.0 3901.0 1989.0 174.0 par l'Orient. Grégoire VII. 39 p. 309 parle

168.0 4016.0 1975.0 177.0 des Gazitina vina, c.a.d. des vins de Syrie ex¬

148.0 4127.0 2014.0 185.0 portés par le port de Gaza. Sur ces vins Voy.

168.0 4272.0 2034.0 157.0 mare le Diacre Vie de Porphyon enique de Gaga

138.0 4373.0 2055.0 183.0 seste ctobt traduit et commenté p h. Grégoire

162.0 4482.0 2029.0 207.0 et M. Al. Hugener. Parci. Budé 1930 p.124-126.

176.0 4623.0 1944.0 143.0 n en trouvait partout et en Masse. Greg

154.0 4739.0 2000.0 156.0 Rosia Confers p 486 parle d'une mère qui en

2236.0 1865.0 1567.0 249.0 Voy encore Coopertarium Sarmaticum

2637.0 1977.0 884.0 164.0 Greg. Vit. Patr. 11 p.701

2507.0 2044.0 1479.0 234.0 de pelle Phenicea Greg. Gloria Confess

3241.0 2174.0 584.0 157.0 C.110 (I 819)

2314.0 2483.0 1382.0 238.0 pr la soie Fustel Monarch. p.257

2427.0 2820.0 1396.0 202.0 Pr le luxe Mérov. Vita Eligii I 12

2432.0 2968.0 726.0 140.0 SS Mero IV. 678.
