4090 5056
3709.0 60.0 248.0 196.0 86

148.0 44.0 1970.0 178.0 Le monnayage or des barbares est surtout a¬

134.0 126.0 1982.0 201.0 bondant chez les Francs et chez les Wisigoths,

137.0 222.0 2000.0 174.0 Pour les Vandales on n'a pas de monnaies d'or,

140.0 314.0 1992.0 212.0 pour les Ostrogoths on n'en a guère que de Théo¬

140.0 401.0 1994.0 200.0 doric. Il faut sans doute expliquer cela par la

146.0 515.0 1980.0 195.0 grande diffusion des monnaies d'or romaines

151.0 598.0 1978.0 203.0 qui devait exister chez eux. Car du moins pr

137.0 688.0 2023.0 234.0 les Vandales, on sait que leur pays a été fort

146.0 856.0 252.0 135.0 riche.

157.0 881.0 2053.0 264.0 Le monnayage a conservé naturellement son

171.0 988.0 2022.0 222.0 caractère royal mais l organisation ds ateliers

160.0 1101.0 2014.0 205.0 monétaires est, si on peut dires décentralisée.

168.0 1171.0 2124.0 242.0 Les rois Wisigoths ouvrirent des ateliers monétaires

162.0 1314.0 1616.0 188.0 dans 61 villes différentes (Engel, p. 50)

161.0 1376.0 2151.0 258.0 Chez les Francs, il y a un atelier au palais Mais

165.0 1513.0 2093.0 220.0 on a aussi des monnaies d'Eglise et une infinité

171.0 1637.0 1932.0 200.0 de monnaies de Monetarii. Je croirais vo¬

168.0 1727.0 1980.0 239.0 lontiers avec Robert que ceci se rapporte à la

160.0 1848.0 2028.0 191.0 perception de l'impôt "Il était commode d'au-

160.0 1932.0 2005.0 202.0 toriser le collecteur d'un impôt particulier, le

162.0 2046.0 2020.0 173.0 fermier d'une saline, le régisseur du domaine

172.0 2145.0 2019.0 180.0 royal, l'économe d'un monastère etc. à re¬

179.0 2244.0 1953.0 171.0 cevoir au besoin un payement des prestations

161.0 2359.0 2010.0 159.0 rature, des monnaies étrangères on ancien¬

160.0 2452.0 1991.0 190.0 nes, des métaux au poids et à rendre le mon¬

157.0 2548.0 1989.0 185.0 tant de ses recettes ou de ses fermages en espèces

144.0 2660.0 2021.0 162.0 monnayées sur place et portant avec elles une

160.0 2744.0 1974.0 210.0 signature qui servait de garantie à leur titre

177.0 2834.0 2028.0 188.0 à leur Valeur et un nom de lieu qui en rappe¬

179.0 2953.0 1930.0 192.0 lait l'origine" (Engel,Ip.97). Je crois que cela

179.0 3047.0 2031.0 214.0 s adapte assez bien avec le texte de la Vita Eli¬

172.0 3179.0 1965.0 188.0 gii (ds Prou XLVIII). On lit (Ibid LI) sur beau¬

177.0 3272.0 2078.0 202.0 coup de monnaies des monétaires les mots ra¬

166.0 3381.0 2022.0 194.0 tio fisci ou ratio domini ce qui paraît bien

169.0 3494.0 2024.0 206.0 convenir. Le fait que les monétaires frappent non

172.0 3581.0 2080.0 208.0 seulement dans un grand nombre de cités mais

186.0 3690.0 1960.0 200.0 dans des vici, castra, ville, s'adapte aussi à

165.0 3806.0 1997.0 191.0 l'idée de la perception de l'impôt. Il est impos¬

188.0 3907.0 1949.0 191.0 sible de croire avec Prou (LXX et LXXXII) qu'il y

181.0 4036.0 2029.0 171.0 a eu dans tous ces endroits autant d'ateliers

176.0 4158.0 1970.0 156.0 monétaires. Or il reconnait lui même que les

175.0 4259.0 2049.0 160.0 monétaires n'étaient pas des fonctionnaires pu¬

185.0 4354.0 2107.0 190.0 blics (LXXXI). Les monétaires très rares depuis

200.0 4430.0 1926.0 224.0 Pepin disparaissent définitivement en 781

204.0 4584.0 1939.0 182.0 (Prou Carol. XLVII) c a d à l'époque où dis¬

183.0 4715.0 1673.0 183.0 parait également l'impôt romain.

2356.0 912.0 1616.0 243.0 Il y avait 4 ateliers en Gaule à l'ép¬

2351.0 1089.0 840.0 172.0 rom. (Prou LXVI).

2377.0 1264.0 932.0 216.0 et dans diverses cités

2721.0 1567.0 242.0 116.0 p.127

2241.0 1556.0 1775.0 255.0 Lot Ardin, dit qui les sous d'or provenant

2238.0 1665.0 1762.0 228.0 de l impôt etaient convertis sur place en

2236.0 1730.0 1730.0 258.0 lingots par les monétaires. Cela existait

2224.0 1817.0 1787.0 253.0 déja a l'ep. rom. Voy Cod Theod. XII. 6.13.

2238.0 1983.0 1519.0 205.0 Luschin p.62 y voit aussi des gens

2244.0 2033.0 1764.0 247.0 monnayant l'or fourni par l'impôt et

2238.0 2115.0 1798.0 238.0 il voit aussi là dedans un usage romain.

2227.0 2188.0 1764.0 250.0 Pour lui, les Monetarii ne sont pas des

2230.0 2286.0 1764.0 264.0 petites gens mais les fermiers de l'impôt.

2300.0 2387.0 1680.0 250.0 Il faut supposer avec Luschin qu'il y avait

2205.0 2497.0 1734.0 244.0 un contrôle, car les monnaies ne sont pas

2202.0 2575.0 1727.0 242.0 tombées dans le désordre des monnaies féodales

2199.0 2769.0 657.0 135.0 du Moyen-Age.

2272.0 2741.0 1717.0 248.0 Pr Prou p. LXXXI les monétaires sont des ou¬

2266.0 2836.0 1697.0 248.0 vriers échappés des ateliers impériaux qui se

2261.0 2940.0 1668.0 231.0 sont mis à travailler pour le public.
