4090 5056
3608.0 55.0 398.0 291.0 63

140.0 86.0 1975.0 194.0 Il y en a qui font le commerce mari¬

143.0 219.0 2028.0 169.0 time (Greg. Gloria Confess. 95 p.809). Greg.

143.0 325.0 2006.0 169.0 IV. 12 en signale plusieurs qui vendent des

140.0 429.0 2065.0 155.0 épices à Tours à trop haut prix avec la compli¬

137.0 536.0 2014.0 164.0 cité de l'évêque. A Paris le juif Priscus qui

143.0 643.0 1997.0 149.0 est familiaris du roi Chilpéric est son four¬

146.0 743.0 1966.0 150.0 nisseur d'épices (Greg. VI.5) à moins quil ne

137.0 825.0 1969.0 168.0 soit son banquier. Car le mot Species dans

154.0 915.0 1972.0 191.0 IV.35 p.169 semble bien avoir le sens de nu¬

140.0 1030.0 1927.0 213.0 méraire. Les Gesta Dagoberti II 413 parle

140.0 1160.0 1854.0 180.0 d'un negociator Salomon qui est juif.

146.0 1292.0 1907.0 154.0 Mais beaucoup et sans doute la plupart

132.0 1401.0 1966.0 164.0 s occupent de banque et un grand nombre

123.0 1511.0 1961.0 169.0 parmi eux paraissent très riches. Sur cela

129.0 1612.0 387.0 133.0 Voy le 4

148.0 1704.0 1995.0 175.0 A côté de Syriens et de Juifs il y avait sans doute

132.0 1833.0 1997.0 153.0 des Africains parmi les transmarini nego¬

134.0 1929.0 1981.0 149.0 ciatores dont parlent Cassiodore et la loi des

134.0 2039.0 1984.0 159.0 Wisigoths. Carthage était une grande ville,

143.0 2160.0 1994.0 154.0 etape de la navigation vers l'Orient et c'est de

145.0 2263.0 1928.0 149.0 la sans doute que venaient les chameaux

140.0 2401.0 1039.0 137.0 mentionnés en Gaule.

196.0 2443.0 1924.0 181.0 Si la navigation méditerranéenne est surtout

143.0 2556.0 1960.0 173.0 active, il y en a aussi à Bordeaux et à Nantes

143.0 2662.0 1941.0 162.0 sur l'Atlantique avec les îles britanniques et

140.0 2775.0 1938.0 185.0 la Galice. Celle de Belgique si vivante sous

134.0 2884.0 2085.0 206.0 les Romains (Cumont) a dû naturellement souf¬

132.0 2991.0 2056.0 155.0 frir beaucoup de l'envahissement de l'Angle¬

148.0 3081.0 1984.0 186.0 terre par les Anglo Saxons. Mais elle subsiste.

140.0 3182.0 1989.0 185.0 Tiel, Dorestad et Quentowic conservent en mou¬

143.0 3294.0 1991.0 161.0 vement maritime qu alimente peut-être la

143.0 3403.0 1973.0 167.0 draperie flamande (Draps de Frise Viertel.

148.0 3497.0 1992.0 198.0 1909 p. 313). Ici probablement d'ailleurs ce sont

137.0 3612.0 1964.0 174.0 des gens du pays qui mènent le mouvement.

176.0 3724.0 1967.0 188.0 Sus la Mediterranée le Gaule a plusieurs ports.

132.0 3826.0 2050.0 210.0 A côté de Marseille, Agde, Narbonne, Nice.

137.0 3937.0 1907.0 214.0 L organisation romaine semble s'y être

129.0 4030.0 1958.0 219.0 conservé. Il y a des quais "cataplus" où

120.0 4154.0 1953.0 182.0 semble se tenir. une sorte de bourse. Ony

123.0 4255.0 1955.0 183.0 rencontre, à Fos par exemple, un entrepôt

134.0 4362.0 1989.0 188.0 de fisc. En Italie nous savons que sous le

120.0 4485.0 1968.0 174.0 règne de Théodoric toutes sortes de fonc¬

132.0 4603.0 2039.0 187.0 tionaires y existent pour la régularisation

134.0 4730.0 1975.0 160.0 du commerce. De même en Espagne, il y a

2227.0 370.0 1489.0 144.0 ou qui prêtent de l argent trop cher

3449.0 435.0 413.0 123.0 (Species)

2215.0 514.0 1099.0 196.0 (Species d'après Ducange

2293.0 556.0 1704.0 168.0 signifie épices et aussi chose précieuse d'où

2255.0 637.0 1717.0 189.0 argent. Cf en fr. où species est l'origine à la

2247.0 741.0 1359.0 171.0 fois d'épices et d'espèces (= argent).

2179.0 2505.0 1798.0 225.0 Les rares pieces d'or anglo-sax. du Sud at¬

2174.0 2626.0 1542.0 185.0 testent le commerce, Voy pl bas p.85.

2191.0 2940.0 1752.0 211.0 Le commerce des esclaves saxons a entre¬

2156.0 3070.0 1773.0 202.0 tenu la navigation av. la Grd Bretagne

2179.0 3227.0 790.0 174.0 Voy plus loin, p. 74.

2341.0 3693.0 1456.0 186.0 ou Fos Cf Pauly Wissowa XIII col.75.

2188.0 3926.0 1649.0 208.0 Nundinae catapli recentis (Sidoine)

2191.0 4409.0 1831.0 155.0 Cassiod. Var V.31 règlementat du tonlieu

2233.0 4522.0 1576.0 137.0 pr les Transmarini cf Melanges

2236.0 4657.0 1039.0 109.0 Schlum berger II, 324.
