4090 5080
3548 127 402 304 108

177 42 1982 148 les peintures de son église, car elles servent

186 148 1930 148 à l'instruction religieuse du peuple, Voir

177 224 1935 178 encore sur la peinture ds églises Greg. Tours

249 313 132 118 p<.>2

173 338 1973 170 II. <.7>. La Vita de Didier de Cahors nous apprend

165 444 1990 169 qu il en fait exécuter dans les Eglises qu'il cons¬

177 558 1012 148 truit (Poupardin p. 23)

203 639 1956 165 Il ne faut pas se représenter l epoque Ve-VIIe s.

173 719 2007 178 comme vide d'activité artistique. On construit

165 800 1994 190 partout. Il suffit de rappeler ici des monuments

177 876 2045 211 de premier ordre comme les Eglises d S. Vital de Ra¬

173 982 2096 194 venne. Le luxe byzantin se rencontre dans toutes

173 1071 2007 186 les constructions du temps. A Clermont l'évêque

182 1176 2019 191 construit une eglise avec revêtements de mar¬

194 1265 1897 203 bre, 42 fenêtres et 70 colonnes (II.16 p.82)

165 1375 1994 178 Fortunat decrit l'église S. Germain construite

165 1481 1981 191 en 537 avec ses Colonnes de marbre, fenêtres

160 1587 1961 195 vitrées, à qui la Vita Droctovei ajoute des mo¬

156 1689 1986 186 saïques, ds peintures et les plaques dorées du

173 1803 2024 178 toit (Antiquiorum 1929 p. 134) Hauck I. 208

165 1900 2112 187 relève le grd nombre de constructions d'églises.

169 2002 2079 182 Leontius de Bordeaux en construit 9. Sidoine

173 2099 1918 187 à la fin du Ve siecle, au milieu des invasions, se

156 2201 1986 178 plaignait que l'on entretint à peine les an¬

160 2281 1986 216 ciennes églises (Hauck 207). Mais les troubles

165 2362 2045 220 ayant cessé, on rattrappe le temps perdu. De tou¬

177 2476 2003 203 tes parts on restaure et on bâtit, ce qui indique

177 2590 2033 199 cependant un bon degré de prospérité. Nicetius

186 2696 2062 208 de Trèves, Villicus de Metz, Carentius de Cologne,

177 2815 2130 156 restaurent et embellissent des églises. Agericus

160 2899 2223 178 d Verdun s entend dire par Fortunat (Hauck 208)

338 3073 2359 199 Templa vetusta novas pretiosius et nova condis,

368 3183 1973 182 Cultior est Domini te famulante domus.

190 3272 1935 220 A Mayence, construction de S. Georges et d'un

186 3386 1922 195 baptistère, à Xanten, basilique d s. Molosse

173 3492 2121 199 Didier de Cahors (630-655) construit quantité

173 3611 1973 186 d eglises dans la cité et aux environs, ainsi

160 3708 2020 190 qu'un monastère. Ajoutons les constructions

190 3805 1935 187 de Agricola à Chalon (Greg V. 45) de Dalma¬

173 3924 2037 199 tius à Rutena (V. 46) Voy sur ces construct

156 4064 1651 169 et leur luxe Lesne I, p. 338 et suiv.

173 4161 2007 178 coup d'ouvriers (artifices) étaient ap¬

173 4284 1965 156 pelés d Italie (ex. de Lesne ). Nous savons que

148 4373 2028 156 Rufus de Martigny fait venir d'Italie des ar¬

148 4466 2159 177 tifices à Trèves à la demande de l'archevêque ?

160 4584 1956 182 Nicetius (+566). Il est assez probable que ces

156 4682 1728 173 constructeurs venaient de Milanais.

173 4800 1939 178 Mais il y avait aussi des architectes barbares

173 4906 1994 169 mentionnés par Fortunat II p.37. Ce texte s'ac¬

2188 258 1326 165 du VIe s. probablement influencées

2243 173 1292 144 A Egara fragments de peinture

2227 389 465 135 par l'Egypte.

2286 1964 300 190 <.....>
