4090 5080
3548.0 38.0 339.0 219.0 104

1925.0 81.0 156.0 156.0 3

1659.0 231.0 582.0 161.0 L'Art.

116.0 462.0 1955.0 208.0 Pas plus que dans le reste l art ne pré¬

93.0 572.0 2021.0 161.0 sente une interruption dans l'évolution mé¬

103.0 657.0 1980.0 189.0 diterranéenne. Il atteste la continuation de

104.0 781.0 2058.0 153.0 ce processus d'orientalisation qui sous l in¬

95.0 866.0 2041.0 178.0 fluence de la Perse, d l Syrie, de l'Egypte se ma¬

94.0 951.0 2022.0 194.0 nifeste de plus en plus dans l'Empire qui dès

99.0 1089.0 1552.0 163.0 lors, à l'Orient, se byzantinise.

119.0 1171.0 1955.0 194.0 L'Occident ne pouvait échapper à cette ori¬

109.0 1269.0 2019.0 200.0 entalisation progressive. Elle se fait sentir d'au¬

112.0 1380.0 1942.0 202.0 tant plus que les relations commerciales

111.0 1470.0 1986.0 181.0 sont plus actives avec la Syrie, l Egypte, Cons¬

111.0 1569.0 2000.0 180.0 tantinople. Les marchands syriens, fournis¬

102.0 1679.0 1963.0 186.0 seurs d'objet de luxe ont disséminé dès le

108.0 1753.0 1989.0 189.0 IIIe s. des orfèvreries, des ivoires etc. jusque ds

104.0 1862.0 1936.0 184.0 la Grande Bretagne. L'influence de l'Eglise,

112.0 1950.0 2027.0 209.0 celle du monachisme ont agi dans le même

119.0 2048.0 1969.0 201.0 sens. L'Occident suit comme toujours l'e¬

105.0 2152.0 1991.0 201.0 xemple. Les invasions germaniques n'ont

110.0 2288.0 1428.0 184.0 apporté ici aucun changement.

109.0 2384.0 2016.0 198.0 On pourrait dire au contraire qu'elles ont

113.0 2482.0 1995.0 199.0 collaboré au mouvement. Car les Germains

110.0 2562.0 1992.0 235.0 et surtout les Goths durant leur sejour ds

109.0 2672.0 2005.0 212.0 la plaine russe ont subi des influences ori¬

133.0 2770.0 1952.0 218.0 entales de l'art sarmate, persan par la

127.0 2892.0 2040.0 198.0 mer noire. Leurs fibules, leurs coliers etc. leurs

112.0 3011.0 2007.0 196.0 anneaux se sont imprégnés du décor spécial

115.0 3101.0 2005.0 192.0 de cet art décoratif plus ou moins mélangé

126.0 3198.0 2016.0 219.0 sans doute avec les caractères de leur mobi¬

142.0 3323.0 1994.0 216.0 lier de l epoque du bronze. Ils ont connu aussi

128.0 3445.0 2068.0 223.0 art que les Romains appelaient ars bar¬

133.0 3558.0 1998.0 198.0 baricia et qui s'est répandu dans l'Em¬

136.0 3666.0 1947.0 194.0 pire dés avant les invasions, puisqu'on les

134.0 3788.0 1995.0 218.0 voit pratiqué à Lyon dès <.. .... ...... .........>.

128.0 3901.0 1983.0 185.0 Les artisans locaux font de l'exotisme. On

143.0 4024.0 2021.0 186.0 peut se demander d'ailleurs dans quelle

137.0 4153.0 2090.0 170.0 mesure cet art est pratiqué par les Germains

140.0 4259.0 2033.0 163.0 eux mêmes. Nous savons par la Loi des Bur¬

141.0 4380.0 1942.0 180.0 gondes qu'ils avaient des esclaves orfèvres

153.0 4487.0 1935.0 162.0 et ces esclaves étaient sans doute grecs au

150.0 4577.0 1966.0 205.0 début et pl tard romains. C'est eux qui é¬

151.0 4693.0 1965.0 221.0 taient chargés de la parure des guerriers et

148.0 4786.0 2045.0 220.0 des femmes qui l'introduisirent dans l'Em¬

2342.0 417.0 1643.0 218.0 Il y a la une réaction anti hellénistique

2343.0 522.0 1617.0 214.0 que l'on pourrait comparer à la réaction

2356.0 606.0 1599.0 166.0 romantique contre l'art classique : Sty¬

2342.0 689.0 1626.0 166.0 lisation de la figure, Zoomorphie, goût du

2334.0 770.0 1658.0 175.0 décor et de l'ornement, de la couleur etc.

2512.0 2099.0 1414.0 161.0 (Rostovstef a pu dire que ce qu'on appelle

2559.0 2167.0 1415.0 152.0 l art merov. n est que la version europé¬

2688.0 2252.0 1232.0 106.0 enne de l'art sarmate né en Asie

3774.0 2291.0 296.0 89.0 centrale.

2158.0 2438.0 1576.0 193.0 Cf Bréhier, p.17 suiv., Surtout p. 23 et 26

2198.0 2698.0 689.0 175.0 scythes, en l'art

2219.0 2909.0 1427.0 209.0 leurs objets d'"orfèvrerie cloisonnée"

2249.0 3361.0 1711.0 180.0 Au IVe s. la verroterie cloisonnée est d'un

2280.0 3454.0 1491.0 169.0 usage courant ds les armées imperiales

3497.0 3524.0 504.0 133.0 (Brehier, 28)

2251.0 3680.0 1740.0 197.0 l'Empire p. un artisan originaire de Coma¬

2373.0 3825.0 731.0 157.0 gène (Bréhier, 38)
