3960 5049
3380 22 409 216 146

131 42 1934 167 De tous ces prolongements byzantins vers

82 121 2064 177 l'ouest, le plus important et le plus original

94 226 2131 162 c'est l extraordinaire Venise, la plus curieuse

84 325 2032 154 réussite de l'histoire économique de tous les

81 437 1628 132 temps avec celle des Provinces Unies.

103 510 2007 163 Sans doute les premiers habitants des îlots

84 619 2113 153 sableux et désolés de la lagune sont des malheu¬

81 729 2085 130 reux fuyant devant les hordes d'Attila au Ve s. lors

75 800 2083 189 de l'attaque contre Aquilée. (Hartmann II 2 p.

74 911 2095 143 102) D'autres seront venus lors de l'occupation

78 1020 2099 164 franque de l'Istrie à l'époque de Narses (103)

75 1124 2147 138 et surtout lors de l'invasion lombarde. Tout

77 1225 2019 129 cela peupla toute cette bande de terres marines

71 1295 2084 169 en un exode momentané d'abord, puis définitif.

76 1396 2026 151 Grado recueillit la plupart ds fugitifs d'Aquilée

79 1494 2073 165 dont l'évêque prit le titre de patriarche et fut

76 1596 2163 137 le chef spirituel de la nouvelle Vénétie. Caorle dans

86 1693 2038 165 l estuaire de la Livenza reçut les émigrants

77 1789 2218 190 et l'eveque de Concordia. Puis il y eut Heracliana

72 1905 2176 149 et Equilium près de la Piave. Les gens d'Altinum

65 2005 2062 153 se refugièrent à Torcello, Murano, Mazzorbo.

75 2103 2066 145 Ceux d Padoue s etablirent à Malamocco et

61 2201 2142 191 à Chioggia. Au début "le groupe d'îlôts où plus

66 2315 2151 169 tard grandira Venise fut le plus faiblement oc¬

67 2414 2210 151 cupé : Rialto, Olivolo, Spinalunga, Dorsoduro,

62 2535 2124 180 qui ne reçurent que quelques pêcheurs. Dans la

76 2631 2017 131 primitive Vénétie du VIe et du VIIe s. le centre

82 2729 2102 179 religieux fut Grado, le centre politique Heracliana,

69 2819 2098 160 le centre commercial Torcello. Tout cela reste

66 2933 2075 165 sous l'administration byzantine échappant aux

60 3022 2137 165 vainqueurs de la terre ferme, sous le pouvoir d'un

69 3131 1595 150 deux fonctionnaires et des tribuni.

65 3224 2098 185 Il y a là une population essentiellement mari¬

67 3353 2032 171 time que décrit Cassiodore et qui fait penser à

62 3470 2023 163 celle de la Hollande primitive "Il semble de loin

67 3553 2082 192 que vos barques glissent sur la prairie car on n'en

57 3675 2043 161 aperçoit pas les coques". On comprend ce qu'une

56 3767 2026 165 telle vie a eu de favorable à l'expansion de

63 3878 1407 188 l'énergie et de l'ingéniosité.

65 3991 2056 163 La vie tout d'abord s'est fondée sur la pêche

57 4101 2134 165 la fabrication du sel que les barques allaient

63 4198 1724 199 troquer sur le rivage contre du blé.

57 4309 2120 165 On ne voit encore par là de vrai centre commer¬

51 4408 2093 176 cial que Commachio, à l'embouchure du Po.

44 4503 2156 200 Là les bateaux trafiquent avec l Empire byzan¬

55 4630 2134 164 tin et en rapportent de l'huile et des épices. Com¬

56 4741 2155 151 machio est le port de la vallée du Po et comme

2332 2431 463 125 Diehl, p.5.

2191 3629 451 145 Diehl, p. 7
