4090 5056
3647.0 90.0 274.0 230.0 83

146.0 17.0 2014.0 198.0 dont parle l'édit de Clotaire II qui veut

176.0 154.0 1953.0 176.0 qu'il reste tel qu'il était au temps de ses

146.0 258.0 1014.0 135.0 prédécesseurs. (614)

172.0 328.0 1903.0 186.0 Le suppl. Marnulf I. 107 donne les tonlieux

151.0 479.0 1343.0 122.0 depuis la Mediterr : Massilia

1028.0 553.0 713.0 140.0 Tolloneo (Toulon

1035.0 679.0 347.0 101.0 Fosses

1047.0 755.0 408.0 107.0 Arlaten

1025.0 852.0 514.0 114.0 Avinione

1025.0 915.0 862.0 164.0 Suggioine (Soyon)

1025.0 1047.0 455.0 113.0 Valentia

1042.0 1146.0 390.0 103.0 Vienna

1019.0 1241.0 483.0 137.0 Lugdone

1011.0 1286.0 1084.0 166.0 Cabillone (Ch. ss Saone)

165.0 1410.0 1972.0 231.0 Théodoric (Cass. Variae v. 39 p.165) écrit à ses

170.0 1561.0 2029.0 163.0 agents en Espagne à propos de fraudes du ton¬

146.0 1695.0 1238.0 127.0 lieu sur les transmarini.

193.0 1775.0 1916.0 209.0 Il est certain que le tonlieu était une

157.0 1898.0 1980.0 172.0 grande ressource pour les rois. On peut s'en

139.0 1983.0 2009.0 192.0 assurer par les rentes constituées sur le cellarium

148.0 2095.0 1972.0 183.0 fisci. La perception exacte pouvait encore s'en

152.0 2174.0 1963.0 193.0 faire parce que l'on possédait encore des agentes

154.0 2280.0 1961.0 180.0 sachant lire et écrire. Mais ce n'était plus s.

163.0 2395.0 1778.0 180.0 d. qu'une exaction devenue immobile.
