4090 5142
3425.0 79.0 381.0 183.0 112

134.0 28.0 1945.0 143.0 de procéder aux opérations du cadastre,

120.0 108.0 1977.0 163.0 d'expédier les actes de toute sorte émanés du

131.0 199.0 1989.0 204.0 tribunal royal et de la chancellerie du palais.

115.0 279.0 1997.0 196.0 Et plus bas, comment sans la connaissance de

128.0 377.0 1992.0 183.0 la lecture et de l'écriture tenir les comptes du

107.0 462.0 2008.0 197.0 tonlieu ? Dans les villes la tenue des Gesta mu¬

122.0 537.0 2011.0 225.0 nicipalia aboutit à la même conclusion. Mais

142.0 651.0 1950.0 191.0 c'est surtout le droit romain ou le droit ro¬

120.0 759.0 2023.0 202.0 manisé avec sa procédure civile, la consigna¬

129.0 848.0 1974.0 240.0 tion ds jugements, des contrats, ds testaments

125.0 959.0 1927.0 219.0 qui occupe quantité de notarii sur tout le

123.0 1059.0 2077.0 192.0 territoire. C est pour ces gens là qu'écrit Mar¬

127.0 1147.0 2016.0 201.0 culf. C etaient dans leur immense majorité

140.0 1251.0 1906.0 220.0 ds laïques en dépit du Diaconus que l'on

145.0 1358.0 1937.0 218.0 trouve mentionné dans les formules de

133.0 1486.0 1334.0 179.0 Bourges et d'Angers (p.176 et p.4)

118.0 1539.0 1985.0 212.0 Il y avait à toute évidence des écoles pour tous

129.0 1636.0 1934.0 229.0 ces gens là. Je l'ai montré dans mon article

138.0 1736.0 1974.0 217.0 sur l'Instruction des laïques à l'époque mé¬

130.0 1836.0 1970.0 232.0 rovingienne, auquel il suffit de renvoyer ici.

139.0 1948.0 1907.0 203.0 Chez les Lombards même le écoles subsistent

154.0 2126.0 823.0 145.0 Hartmann II2 p.27.

134.0 2173.0 1995.0 226.0 Chez les Wisigoths, l'écriture est tellement répan¬

150.0 2268.0 1942.0 223.0 due que le roi fixe le prix auquel seront vendus

127.0 2419.0 1061.0 173.0 les exemplaires de la loi.

140.0 2505.0 2026.0 183.0 Ainsi le savoir lire et écrire sont très répan¬

138.0 2620.0 1985.0 195.0 dus tout ce qui touche à l'administra¬

125.0 2728.0 169.0 134.0 tion.

144.0 2828.0 1925.0 177.0 Mais il en est de même par suite des nécessi¬

135.0 2944.0 1899.0 176.0 tés économiques dans le monde des mar¬

132.0 3023.0 1934.0 187.0 chands Une classe de marchands professionnels

141.0 3119.0 2039.0 191.0 faisant le commerce à longue distance n'au¬

120.0 3225.0 2052.0 191.0 rait pu se maintenir sans cela. Nous savons

145.0 3350.0 2002.0 168.0 d'ailleurs par Cesaire d'Arles que les marchands

139.0 3456.0 1553.0 194.0 avaient des Mercennarii litterati.

146.0 3551.0 1954.0 183.0 L'époque est donc une époque où l'écriture

121.0 3665.0 1945.0 173.0 indispensable à la vie sociale. Et c'est là

131.0 3776.0 1989.0 198.0 ce qui explique que dans tous les royaumes cons¬

148.0 3879.0 2004.0 176.0 titués Occident, la cursive romaine se soit con¬

118.0 3957.0 2045.0 199.0 servée, c'est à dire une écriture rapide, écriture

136.0 4087.0 1961.0 195.0 d'affaires et non une calligraphie. C est de là

144.0 4215.0 2013.0 171.0 que viennent les écritures merovingienne, wisi¬

156.0 4318.0 1981.0 176.0 gothique et lombarde (Prou p. 65) que l'on ap¬

160.0 4420.0 1935.0 186.0 pelait jadis écritures nationales à tort car elles

138.0 4528.0 1928.0 214.0 ne sont strictement que la continuation de la

157.0 4636.0 1949.0 199.0 cursive romaine perpétuée par les agents de l'ad¬

144.0 4737.0 2039.0 230.0 ministration, les bureaux et les marchands. Rome

126.0 4860.0 1969.0 199.0 se survit donc par son écriture dans tous ces

2123.0 1262.0 1864.0 201.0 D après Brunner p. 403 les formules d Angers ont

2103.0 1371.0 1873.0 174.0 ete ecrites s.d. p. un Schreiber des Städtischen

2118.0 1452.0 1948.0 188.0 Kurie. Elles sont probablem. du comm. VIIe s. en partie

2126.0 1539.0 1667.0 192.0 Celles de Bourges sont du VIIIe s. (Ibid. 405)

2330.0 3825.0 1479.0 164.0 Sous la forme de minuscule cursive

2395.0 3939.0 871.0 144.0 qu elle a prise au Ve s.
