3978 5058
1900 157 253 187 II

1025 303 2024 207 Les Maires du palais carolingiens.

67 556 2028 169 En 688 le maire du palais d'Austrasie

66 682 2093 155 a donc imposé sa tutelle au royaume. Mais

68 800 2042 131 il n'est pas resté auprès du roi. Il lui a

60 900 2023 150 suffi de vaincre son rival maire du palais

58 1000 2052 136 et de prendre sa place. Visiblement les affaires

64 1090 2030 162 du royaume ne l'intéressent pas ou plutôt elles

63 1190 1939 156 ne l'intéressent que pour autant qu'elles

53 1276 2063 162 servent à fortifier sa position dans le Nord.

2131 1201 1232 189 Pour lui c'est là l'essentiel.

64 1372 2007 165 Elle était menacée par le voisinage de la Frise

50 1490 1908 145 où le paganisme régnait encore et dont le

25 1569 2043 182 prince Ratbod était peut-etre déjà alors excité p.

52 1675 2027 138 les Neustriens ennemis de Pepin. En tous cas la

53 1782 2021 158 lutte qui éclata en 689 tourna contre lui. Il

61 1873 1984 173 fut battu à Wyk bij Duurstede et dut céder

52 1845 3886 301 la Westfrise au Vainqueur (Richter, 177). Et l'on comprend combien ceci a dû augmenter

57 2078 2039 173 C est là que l'année suivante, 690, apparaissait

62 2184 2018 176 l anglo saxon Willibrord qui commença la

46 2278 2058 146 conversion des frisons et fut le premier intermé¬

76 2371 2004 141 diaire entre les carolingiens et l Eglise anglo sa¬

52 2447 2013 172 xonne dont les conséquences devaient aller si

63 2546 1977 169 loin. Un peu plus tard on le voit protéger un au¬

58 2637 1995 163 tre missionnaire anglo-saxon Suitbert, auquel

56 2740 1952 164 sa femme Plectrude donna l'île de Kaiserwerth

56 2846 2027 157 où il construisit un monastère (Richter, 182).

92 2954 1953 162 Les Frisons Vaincus, Pepin de 709 a 712 se tour¬

49 3060 1963 160 ne contre les Alamans qui avaient consti¬

62 3148 1961 173 tué un duché indépendant. Il ne semble pas y

64 3251 2034 181 avoir remporté de grands avantages (Ibid. 181).

102 3343 1952 187 Jusqu'à sa mort (Déc. 714) il n'a plus vu la

61 3457 1972 177 Neustrie mais a continué à s'en assurer par per¬

46 3560 1983 171 sonne interposée. En effet, en 695, à la mort de

41 3648 2014 188 Norbert, il donne comme Major domus à Childe¬

43 3756 1981 196 bert III (695-711) son propre fils Grimoald. La fa¬

36 3873 1990 200 mille carolingienne tient donc ainsi toute la

34 3961 1999 190 monarchie. Elle la tient si bien que lors de l'as¬

58 4087 1987 202 sassinat de Grimoald quelques semaines avant

30 4198 1947 172 sa propre mort, Pepin donne < la mairie des >

978 4232 101 53 lui

56 4278 2445 196 < palais > comme successeur en Neustrie son fils Theodebald

62 4405 2071 193 (le fils de Grimoald) qui a six ans et par surcroit

63 4511 2010 191 est un bâtard (Richter p. 182) La mairie est

60 4599 1927 197 donc considérée par lui comme un bien de

66 4690 1950 245 famille, une sorte de royauté parallèle à l'au¬

50 4781 189 182 tre.

3322 50 488 379 169

2323 1937 1652 212 de toute manière le prestige d Pepin.
