4090 5142
3604.0 75.0 266.0 167.0 111

160.0 20.0 1906.0 139.0 il continue à en aller de même. Le palais,

153.0 137.0 1990.0 161.0 même chez les Mérovingiens abondait en laï¬

132.0 228.0 1980.0 132.0 ques instruits. Nous savons par Grégoire que

148.0 307.0 1972.0 150.0 les enfants des rois étaient soigneusement

141.0 394.0 1931.0 154.0 initiés à la culture des lettres et il en était

140.0 491.0 1966.0 179.0 ainsi davantage encore des Ostrogoths et des

139.0 594.0 1979.0 184.0 Wisigoths. Le style pompeux des lettres écrites p.

160.0 697.0 1946.0 161.0 la chancellerie mérovingienne aux empereurs

151.0 794.0 2035.0 181.0 prouve qu'il y a encore même au temps de Bru¬

140.0 902.0 2015.0 160.0 nehaut, dans les bureaux, des rédacteurs ay¬

144.0 991.0 2031.0 165.0 ant des lettres. Et nul doute que ce ne soient

154.0 1096.0 1978.0 197.0 des laiques puisque la chancellerie ici, Con¬

129.0 1211.0 1937.0 189.0 formément à l'exemple impérial, est ex¬

149.0 1328.0 1954.0 172.0 clusivement composée de laïques. On pour¬

137.0 1438.0 2009.0 165.0 rait d'ailleurs fournir quantité d'exem¬

154.0 1531.0 1929.0 151.0 ples. Asteriolus et Secundinus, favoris de

129.0 1616.0 1931.0 175.0 Theodebert I sont chacun "retoricis inbutusus

134.0 1717.0 1974.0 191.0 litteris" Parthenius, magister officiorum et

159.0 1829.0 1998.0 162.0 patricius sous le même roi a été compléter

152.0 1917.0 1968.0 187.0 à Rome sa formation littéraire. C'est ce même

156.0 2000.0 2010.0 194.0 Parthenius qui fut massacré à Trèves à cause

159.0 2122.0 1987.0 177.0 ds impôts (Greg. III 36 p.138). L'éducation de

153.0 2228.0 2028.0 174.0 ces gens là n'était pas purement littéraire.

439.0 2279.0 2550.0 176.0 princeps pincernarum puis referendarius de Sigebert (634-656)

152.0 2336.0 1999.0 198.0 Bonitus, <... ... .... .... ......> est "gram¬

145.0 2459.0 2007.0 162.0 maticorum inbutus initiis necnon Théodosii

140.0 2537.0 1992.0 176.0 edoctus decretis". Didier de Cahors, trésorier

146.0 2638.0 1957.0 188.0 royal sous Clotaire II (613-630) est instruit

140.0 2730.0 1937.0 223.0 dans la Gallicana eloquentia et les Leges Ro¬

150.0 2843.0 1976.0 167.0 manae. Sûrement au VIIe siècle il y a encore au

156.0 2918.0 1967.0 222.0 Palais des gens beaucoup plus formés et culti¬

163.0 3039.0 999.0 172.0 vés qu'on ne le suppose.

155.0 3138.0 1957.0 221.0 Pour les Wisigoths, il suffit de lire leurs lois où

143.0 3262.0 1966.0 174.0 s epanche la verbosité et la rhétorique mais

159.0 3348.0 1992.0 211.0 qui se distinguent en même temps par leur

150.0 3445.0 1962.0 165.0 prescriptions minutieuses de la vie sociale

141.0 3550.0 1988.0 202.0 pour voir que la formation rhétorique de ce

132.0 3648.0 1980.0 174.0 personnel allait de pair avec la pratique des

153.0 3760.0 364.0 174.0 affaires.

141.0 3861.0 2022.0 205.0 Ainsi les rois ont gouverné avec des gens chez qui

148.0 3967.0 1952.0 186.0 subsistait la tradition littéraire et politique

152.0 4086.0 1971.0 189.0 de Rome, mais ce qui est peut-être plus frap¬

165.0 4189.0 1944.0 156.0 pant, ils ont administré avec un personnel

153.0 4268.0 2056.0 188.0 lettré. Et il n'en pouvait être autrement. L'Or¬

161.0 4394.0 2008.0 178.0 gansiation administrative de l'Empire qu'ils se

147.0 4498.0 1962.0 193.0 sont efforcés de conserver exigeait impérieu¬

144.0 4589.0 1936.0 202.0 sement la collaboration d'agents instruits.

136.0 4676.0 2044.0 221.0 comment eut-il été possible, sans cela, de dres¬

137.0 4794.0 1986.0 249.0 ser et de tenir à jour les registres de l'impôt,

2160.0 567.0 875.0 152.0 Hartmann II1 p.70.

2440.0 942.0 1572.0 149.0 Lot, Ducange 1931, p.100 croit qu il n'y a pl

2426.0 1039.0 1612.0 139.0 d autre enseignemnt que celui ds maîtres

2426.0 1148.0 563.0 123.0 particuliers.

2153.0 1699.0 748.0 129.0 Instruct, p. 4 n.2
