4042 5074
122.0 0.0 881.0 211.0 14 janvier 1935.

3639.0 71.0 314.0 279.0 1

181.0 312.0 216.0 250.0 1

1049.0 308.0 2074.0 212.0 Mahomet et Charlemagne.

1578.0 599.0 902.0 157.0 Chapitre I.

702.0 769.0 2815.0 178.0 Continuation de la civilisation méditerranéenne

812.0 947.0 2654.0 173.0 en Occident après les invasions germaniques.

2001.0 1319.0 191.0 139.0 1.

118.0 1416.0 2053.0 165.0 De tous les caractères de cette admi¬

101.0 1572.0 2044.0 157.0 rable construction humaine que fut

105.0 1712.0 2062.0 144.0 l'Empire Romain, le plus frappant et

84.0 1864.0 2053.0 123.0 aussi le plus essentiel est son caractère

71.0 2004.0 2015.0 118.0 méditerranéen. C est par là que, quoique

93.0 2101.0 2014.0 131.0 grec à l'Orient, latin à l'Occident son u¬

67.0 2215.0 2032.0 135.0 nité communique à l'ensemble de pro¬

63.0 2321.0 2006.0 131.0 vinces. La mer dans toute la force du ter¬

50.0 2427.0 2028.0 126.0 me le Mare Nostrum, Véhicule des idées

59.0 2520.0 1993.0 152.0 des religions des marchandises. Les pro¬

59.0 2651.0 2069.0 131.0 vinces du Nord, Belgique, Bretagne, Germanie

59.0 2761.0 2010.0 152.0 Rétie, Norique, Pannonie ne sont que des

67.0 2896.0 2011.0 123.0 glacis avancés contre la barbarie. La vie

59.0 3010.0 2031.0 131.0 se concentre aux bords du grand lac. Il est

59.0 3128.0 2095.0 136.0 indispensable à la subsistance de Rome pour

55.0 3251.0 2023.0 135.0 les blés d'Afrique Et il est d'autant plus

46.0 3369.0 2027.0 144.0 bienfaisant que la navigation y est absolu¬

38.0 3492.0 2069.0 144.0 ment en sécurité par la disparition sécu¬

38.0 3598.0 2044.0 152.0 laire de la piraterie. Vers lui converge le

33.0 3720.0 1985.0 140.0 mouvement de toutes les provinces par les

33.0 3822.0 1985.0 165.0 routes. Celui de la Gaule par Marseille A

33.0 3940.0 2023.0 153.0 mesure qu'on s'écarte de la mer, la civilisa¬

42.0 4033.0 2014.0 174.0 tion plus raréfiée. La dernière grande ville

25.0 4156.0 2002.0 152.0 du Nord est Lyon . Toutes les autres Carthage,

25.0 4270.0 2057.0 148.0 Alexandrie, Naples, Antioche sont sur mer

33.0 4401.0 796.0 110.0 ou près de la mer.

50.0 4498.0 2057.0 161.0 Ce caractère méditerranéen s'affirme

33.0 4625.0 2053.0 165.0 davantage depuis le IVe siècle. Car Constanti¬

38.0 4761.0 2018.0 143.0 nople, la nouvelle Capitale est avant tout

3381.0 1133.0 241.0 76.0 avant

2310.0 1124.0 1664.0 233.0 <........> La Romania <...> les Germains

2281.0 1289.0 1308.0 144.0 <...... de la Romania>

2222.0 1386.0 1769.0 157.0 C'est au IVe s. qu apparait le mot Romania pr

2234.0 1488.0 1676.0 169.0 designer ts les pays conquis pr Rome Albertini

3745.0 1539.0 246.0 135.0 p.388

2200.0 1864.0 1702.0 131.0 G. Holland Rose Rev Hist 1934 p.194.

2141.0 2135.0 1820.0 182.0 C'est elle qui s. d. a empêché la diar¬

2107.0 2262.0 1850.0 173.0 chie après Théodose de donner lieu à

2090.0 2401.0 673.0 127.0 deux empires

2116.0 2756.0 1820.0 186.0 Il n'y a ni Asie, ni Afrique, ni Europe. S il y a

2141.0 2887.0 1803.0 157.0 et reurenus et civilisations, le fond est le m.

2116.0 2997.0 1773.0 140.0 partout, même moeurs, même coutumes,

2183.0 3099.0 1744.0 144.0 même religion entre ces côtes qui jadis

2167.0 3205.0 1790.0 131.0 ont connus ds civilisat aussi differentes que

2141.0 3298.0 1845.0 169.0 l Egyptienne, la Tyrienne la Punique. Contraste

2116.0 3412.0 1799.0 165.0 avec aujourd'hui. C'est New-York, Londres.

2230.0 4080.0 1630.0 220.0 Trèves servant sa fonction de capitale.
