4090 5056
3634.0 54.0 304.0 236.0 40

112.0 53.0 2036.0 143.0 L Eglise au VIe s. p.528. Ils convoquent les con¬

98.0 159.0 2019.0 135.0 ciles. Les Merov. s'abstiennent de les diriger. Chez

81.0 258.0 2028.0 138.0 les Wisigoths les conciles sont depuis Reccarède

92.0 329.0 2030.0 192.0 associés au gouvernement. Mais l Eglise est

98.0 446.0 1205.0 151.0 aussi servile qu'il se peut.

106.0 539.0 2113.0 180.0 Voy pour la nomination des eveques la curieuse

92.0 648.0 2017.0 212.0 anecdote Greg. Vitae Patr. VI.3 p.681. Il y a

92.0 764.0 2062.0 143.0 là une combinaison d'élection cassée par le

101.0 859.0 1988.0 152.0 roi qui nomme cepend. le candidat désiré

106.0 926.0 2051.0 209.0 moyennant de grands présents et fait célé¬

103.0 1050.0 1981.0 183.0 brer un banquet ds la ville épiscopale. En

87.0 1198.0 1272.0 124.0 somme tout depend du roi.

113.0 1244.0 1965.0 201.0 Voy la vie de Nicetius d Limoges (Greg. Vita

90.0 1396.0 2026.0 190.0 Patr. C 17 p 727) nommé par un roi, envoye

112.0 1499.0 1955.0 214.0 en exil par un autre, rétabli par un troi¬

111.0 1650.0 335.0 142.0 sième.

117.0 1772.0 1950.0 203.0 Mais cette Eglise qu'ils dominent, les rois

103.0 1898.0 1972.0 194.0 ont pour elle le plus grand respect. L'idéal

106.0 2013.0 2003.0 189.0 royal est d après Gregoire de favoriser les Eglises

105.0 2112.0 1959.0 197.0 et les pauvres (III.25) et il faut supposer qu ils

101.0 2227.0 2011.0 168.0 l'admettent. Ils la comblent de faveurs et de

109.0 2342.0 1980.0 160.0 richesses, l entourent de marques de respect

106.0 2446.0 2048.0 164.0 encore que sauf quelques femmes, ils n'entrent pas

101.0 2558.0 2070.0 161.0 au cloître. Il ne paraît pas que leur piété per¬

92.0 2673.0 2003.0 173.0 sonnelle soit grande. Mais ils voient dans

98.0 2770.0 1994.0 167.0 les évêques les chefs de l'Eglise c est à dire d'une

92.0 2865.0 1992.0 186.0 très grande force divine. Et de plus ces évêques

92.0 2963.0 2054.0 166.0 jouissent auprès du peuple d'un prestige colos¬

81.0 3075.0 2011.0 160.0 sal. Ils peuvent être et ils sont chez les Wisigoths

75.0 3198.0 2003.0 155.0 par exemple un utile contrepoids à l'aristo¬

95.0 3334.0 671.0 140.0 cratie laïque.

2233.0 516.0 1696.0 203.0 Ils ne se laissent pas faire même par les

2209.0 611.0 1744.0 219.0 moines. Voy. la manière forte employée par

2205.0 684.0 1705.0 256.0 Brunehaut à l'égard de Colomban qu'elle

2205.0 766.0 1714.0 299.0 fait arrêter deux fois. Lavoise II p.

3761.0 898.0 171.0 101.0 149.
