3960 5049
3333.0 75.0 533.0 223.0 154

123.0 18.0 1960.0 142.0 et aucune relation ne se noue avec les côtes

94.0 120.0 2015.0 134.0 sarrasines. C'est la mort. L Empire carolingien

106.0 219.0 1956.0 138.0 présente le contraste le plus frappant avec le

98.0 295.0 1946.0 145.0 Byzantin. Il est purement terrien, parce

105.0 426.0 2034.0 95.0 qu'il est embouteillé. Ses territoires méditer¬

122.0 528.0 2011.0 116.0 ranéens jadis les plus vivants de ses pays et qui

102.0 631.0 1993.0 90.0 entretenaient la vie de l'ensemble sont au¬

109.0 720.0 1963.0 115.0 jourd'hui les plus pauvres, les plus déserts, les

95.0 829.0 2009.0 100.0 plus menacés. L'axe de sa civilisation a été re¬

83.0 918.0 2030.0 135.0 poussé vers le Nord pour le première fois dans

91.0 1004.0 2065.0 162.0 l'histoire. Durant de longs siècles le centre de la

97.0 1117.0 2057.0 145.0 civilisation Occidentale se trouvera entre Seine

95.0 1211.0 2004.0 152.0 et Rhin. Et les peuples germaniques qui n'ont joué

105.0 1298.0 1914.0 177.0 jusqu'ici que le rôle négatif de destructeurs

110.0 1416.0 1976.0 148.0 vont jouer Un rôle positifs dans la reconstruction

96.0 1499.0 2074.0 144.0 de la civilisation européenne. La tradition anti¬

98.0 1604.0 1960.0 159.0 que se brise par le fait que l'Islam a brisé

102.0 1691.0 1758.0 160.0 l'ancienne unité méditerranéenne.
