3960 5049
3216 84 568 273 155

1371 251 991 239 Chapitre V.

563 471 3040 214 Le coup d'Etat carolingien et le volte-face du pape.

1923 799 167 101 1

1052 917 1849 155 La décadence mérovingienne

112 1148 1952 187 De tous les Etats fondés en Occident p.

83 1272 1968 172 les Germains à la fin du Ve siècle, dans le

84 1346 2019 197 bassin de la Méditerranée, les deux pl. brillants

82 1468 2087 181 au début : Vandales et Ostrogoths étaient tom¬

84 1582 1982 169 bès sous les coups de Justinien. Les Wisigoths

67 1701 2018 146 avaient à peine été atteints p. lui et avaient

65 1770 2131 178 dès 629 + repoussé l'avance impériale. Les Francs

77 1888 2002 151 en étaient restés indemnes. Les Lombards a¬

61 1957 2055 184 vaient semblé un instant devoir reconstituer

66 2071 1979 190 le royaume d'Italie à leur profit. L'obligation

84 2179 2045 160 où s'était trouvé l'Empire de se défendre contre

82 2284 2009 157 les Perses avait favorisé leur entreprise. Il a¬

73 2389 2028 179 vait fallu recourir centre eux à l'alliance

79 2492 2072 179 franque qui ne s'était pas montrée sans

96 2582 2073 203 dangers. Mais la victoire d'Héraclius semblait

79 2703 2007 180 presager une reprise de l'avance byzantine

92 2809 1929 174 quand tout à coup l'Islam avait fait ir¬

88 2954 385 134 ruption.

78 3008 1979 202 Devant elle, l'Empire avait reculé définiti¬

68 3137 2010 175 vement. Il avait perdu l'Afrique, et l'Italie

76 3250 1931 177 était menacée par la Sicile. Les Wisigoths

83 3342 1949 192 avaient été anéantis. Les Francs entamés

69 3474 2029 150 au Sud s'étaient repris à Portiers. Mais jusqu'a¬

83 3586 1989 163 lors ils n'en étaient pas moins coupés de la mer.

93 3684 1961 161 Seuls les Lombards n'avaient pas encore reçu

97 3786 1969 163 les coups de l'Islam. Celui-ci, au contraire les a¬

94 3886 1990 162 vait favorisés en desserrant l'emprise de Byzance,

78 3994 1939 169 obligé de faire front à l'Est et en les protégeant

71 4080 901 190 contre le péril franc.

98 4215 2035 192 On sait que c'est la France qui devait en Occident

95 4334 1975 153 mettre le terme a l'expansion continentale de

87 4434 1922 165 l'Islam. Cet Etat était réservé au sort < la plus > de

68 4524 2052 190 reconstituer l Europe dans des conditions nouvelles.

83 4630 1941 178 De lui dépendait l'avenir. Mais la Francia qui

81 4741 2080 156 apparait alors est bien différente de celle des Mé¬

2323 1067 1558 173 Insister davantage sur la per¬

2251 1188 1519 166 turbation de l'Occident dès le

2238 1288 1671 172 Comm. du VIIIe s. Il ne ressemble pl

2234 1392 1643 200 a ce qu'il avait été. Pour la pre¬

2247 1496 1611 174 mière fois depuis des siecles l'A¬

2230 1611 1620 187 frique et l'Espagne ces sont arra¬

2238 1702 1545 166 chés. Il ne se compose plus que des

2213 1815 1658 183 royaume franc et de Lombard tous

2202 1956 1113 156 deux coupés de la mer.

2205 2154 652 168 + Lot, Glotz p. 237.
