3960 5049
3445.0 101.0 405.0 227.0 138

126.0 28.0 1949.0 153.0 nière et ultime mention que nous ayons.

111.0 137.0 1932.0 158.0 Quatre ans après d ailleurs les Musulmans

105.0 225.0 1929.0 162.0 sont en Provence et la pillent. Marseille est

116.0 335.0 1960.0 155.0 mort à cette epoque. En vain alleguera-t-on

96.0 427.0 1989.0 197.0 pour prouver qu il navigue encore les péleri¬

109.0 548.0 1979.0 147.0 nages en Orient. Il est certain en effet que ces

111.0 654.0 1934.0 161.0 pelerinages ne pouvant s effectuer par la

104.0 737.0 2003.0 162.0 vallée du Danube occupée par les Avars puis

111.0 840.0 1974.0 188.0 par les Hongrois supposent des traversées ma¬

116.0 939.0 1927.0 174.0 ritimes. Mais on remarque, chaque fois

112.0 1057.0 2015.0 146.0 qu il est possible de connaitre les itinéraires

103.0 1134.0 1979.0 179.0 suivis que c'est dans des ports de l'Italie by¬

109.0 1223.0 1976.0 209.0 zantine que se sont embarqués les pieux

111.0 1334.0 2007.0 186.0 voyageurs. Magdalvée ev. d Verdun par exem¬

101.0 1445.0 1961.0 162.0 ple, se rendant à Jerusalem prend en Apulie,

110.0 1532.0 1927.0 180.0 vers 776 un navire en partance pour Cons¬

108.0 1647.0 1999.0 162.0 tantinople. Les lettres d Boniface nous mon¬

80.0 1730.0 2005.0 191.0 trent que les Anglo Saxons allant à Rome au

87.0 1835.0 2031.0 173.0 lieu de prendre la route de Marseille s'imposent

85.0 1950.0 2073.0 167.0 la traversée des Alpes. Buchner nous fournit

93.0 2037.0 2000.0 199.0 d autres exemples pour nous montrer qu il

88.0 2169.0 2045.0 186.0 n y a plus de Navigation de Marseille à Rome.

100.0 2303.0 1948.0 138.0 Au IXe s. le moine Bernard part de Tarente

101.0 2396.0 1944.0 177.0 pour gagner Alexandrie. Kleinclausz dit à

94.0 2488.0 1960.0 183.0 tort que les legats envoyés par Charlemagne

93.0 2602.0 2011.0 143.0 a Byzance se sont embarqués à Marseille.

135.0 2709.0 1941.0 163.0 Je sais bien qu'il faudrait rendre les ar¬

89.0 2805.0 1999.0 165.0 mes si les Cappi cités en 877 par le Capitulaire

93.0 2905.0 2050.0 208.0 de Kierzy étaient comme le suppose M Thomson,

94.0 3013.0 1954.0 181.0 des marchands Syriens. Mais pour admettre

90.0 3127.0 1986.0 164.0 cela, il faut supposer avec lui que Cappi n'est

89.0 3241.0 1956.0 172.0 que le grec κάπηλος qui devenu Kapila en

92.0 3328.0 2007.0 184.0 syrien y signifie un marchand. Mais autre

92.0 3448.0 2001.0 148.0 que c est là une impossibilité linguistique,

103.0 3533.0 2000.0 190.0 il faut prendre garde que Cappi ne désigne que

69.0 3629.0 1948.0 171.0 des Juifs. Et enfin ce fameux apax<.> legomenon

91.0 3746.0 1970.0 178.0 n est sans doute qu'une mauvaise lecture

90.0 3836.0 1939.0 161.0 de Sirmond ds son édition de 1623 alors que ts

87.0 3933.0 1320.0 180.0 les manuscrits ont disparu.

106.0 4067.0 1945.0 163.0 Non seulement nous n'avons plus un seul

82.0 4176.0 1951.0 172.0 texte sur la présence de Syriens ou d'Orientaux,

83.0 4285.0 2010.0 168.0 mai nous constatons qu'à partir du VIIIe siècle

69.0 4377.0 2024.0 191.0 tous les produits qu'ils importaient ne se ren¬

71.0 4469.0 2039.0 227.0 contrent plus en Gaule, et contre ce fait il n'est

72.0 4583.0 670.0 186.0 pas de replique.

100.0 4707.0 1686.0 186.0 Le papyrus tout d'abord a disparu.

2288.0 1242.0 1672.0 184.0 Willibard le futur Ev d Eichstad en 726 s embarque

2208.0 1353.0 1686.0 210.0 a Gaete après avois franchi les Alpes (voy ma note)

2284.0 1722.0 1586.0 168.0 Il y en a encore un peu au VIIIe s. Par ex. les pa¬

2269.0 1814.0 1607.0 144.0 pes envoyent souvent leurs ambassad. à Pe¬

2271.0 1893.0 1593.0 142.0 pin "marino itinere" à cause des Lom¬

2270.0 1969.0 1577.0 131.0 bards. Mais le fait m. qu'on l'indique

2284.0 2039.0 1397.0 158.0 montre que cela est exceptionnel.

2259.0 2106.0 1639.0 169.0 De M. les ambassad des califes à Pepin et

2245.0 2205.0 1694.0 170.0 a Charles viennent p. Marseille, Porto Venise

2239.0 2332.0 870.0 164.0 et Pise (Voy ma note)

2070.0 3904.0 1723.0 173.0 Note ici sur les Grecs d Arles en 921 (Bidez

3547.0 4009.0 240.0 106.0 647)
