4090 5056
3677.0 67.0 242.0 199.0 81

146.0 67.0 2090.0 142.0 encore l'économie antique continue. Rien

148.0 185.0 2051.0 137.0 qui ressemble aux grandes foires régulatrices

140.0 291.0 1961.0 147.0 du Moyen Age comme celles de Champagne.

151.0 390.0 2068.0 170.0 cependant il y a des foires. Les Epistolae III p 214

132.0 516.0 2064.0 118.0 parlent de istas ferias in Rutenico, c.a.d.

151.0 609.0 2042.0 149.0 des foires de Rodez dont la fréquentation est

138.0 721.0 2067.0 132.0 interdite aux habitants de Cahors à cause

129.0 817.0 1997.0 154.0 de la peste (ds Marseille) Ce sont s. d. des foires

131.0 931.0 328.0 136.0 locales.

148.0 1005.0 2012.0 181.0 dans le Nord il y a la foire de Lendit fondée en

138.0 1117.0 1971.0 202.0 634 - 35 et celle de S. Denys qui apparait en

139.0 1230.0 1995.0 180.0 709 (Vercauteren, p. 450) Celle-ci fondée p.

124.0 1329.0 2016.0 185.0 Dagobert Voy Levillain B E C H. 1930-31. Il

137.0 1455.0 1635.0 152.0 y verrait surtout des mds du Nord.

145.0 1556.0 1984.0 177.0 Mais ces foires n'ont qu'un rôle secondaire

157.0 1671.0 2024.0 154.0 D après Valdeavellano (Anuario VIII. p.225,

143.0 1790.0 1623.0 139.0 on n'en rencontre pas en Espagne

191.0 1921.0 1943.0 191.0 Et en tous cas ce qu'on ne rencontre pas

151.0 2030.0 1989.0 163.0 ni là ni ailleurs ce sont ces petits marchés

146.0 2143.0 2050.0 157.0 qui abonderont à la période Carolingienne. Au

135.0 2234.0 2075.0 176.0 lieu d'etre une preuve de faiblesse commerciale,

156.0 2356.0 1950.0 160.0 c'en est le contraire. Les marchés n'ont rien

143.0 2454.0 2028.0 175.0 d'essentiel là où il y a des marchands de pro¬

137.0 2570.0 1958.0 168.0 fession. Les villes sont des places de commerce

137.0 2651.0 2006.0 191.0 permanentes. La circulation normale suffit

151.0 2775.0 2113.0 179.0 pour les faire vivre. C'est quand le commerce

151.0 2879.0 1972.0 196.0 aura disparu qu'il faudra organiser ts

147.0 2991.0 2030.0 166.0 ces petits centres économiques de ravitaille¬

156.0 3106.0 1967.0 163.0 ment avec leur aire restreinte et que ne

153.0 3197.0 1981.0 212.0 fréquentent que des marchands occasion¬

148.0 3289.0 2127.0 182.0 nels. On a au contraire l'impression en lisant

151.0 3395.0 1983.0 214.0 grégoire qu'on se trouve dans une époque

162.0 3497.0 1984.0 185.0 encore de commerce urbain. Les conventus

157.0 3609.0 2048.0 159.0 des marchands se font dans les ports au cataplum

159.0 3704.0 2048.0 178.0 ou dans les villes (Lex Wisig). Il n'y a rien du tout

167.0 3822.0 1973.0 180.0 à la campagne. C'est certainement une er¬

166.0 3929.0 1921.0 173.0 eur comme Waitz l'a déjà fait remarquer

140.0 4008.0 2076.0 210.0 (Vy IIe p. 309) de considérer comme des lieux

168.0 4129.0 1994.0 179.0 de marchés les innombrables endroits inscrits

175.0 4238.0 2055.0 183.0 sur les espèces mérovingiennes par les moneta¬

179.0 4340.0 2099.0 216.0 rii. Ce qu'on trouve à la période mérovingienne

175.0 4463.0 1934.0 173.0 comme dans l'antiquité, ce sont des portus

175.0 4573.0 2018.0 192.0 c a d des étapes et des débarcadères. Ce ne sont pas

174.0 4657.0 1966.0 193.0 des marchés. Les diplômes parlent du tonlieu levé

174.0 4769.0 1921.0 171.0 "per civitates nec per castella nec per portus
