3978 5058
3438.0 71.0 417.0 247.0 170

76.0 43.0 1989.0 140.0 Mais il a trop tendu la corde. Les aristocrates

68.0 169.0 2025.0 131.0 neustriens se voyent trop sacrifiés aux carol.

78.0 275.0 2014.0 112.0 qui pourtant ont pris des mesures en leur fa¬

76.0 384.0 2486.0 125.0 veur comme la designation des comtes p. les Ev

69.0 459.0 2045.0 175.0 et les grds Voy. p.162. Le roi<.> laissera<.> faire.

46.0 559.0 2039.0 140.0 On en est arrivé à l'époque de l'abjection to¬

42.0 657.0 2105.0 169.0 tale de la royauté qui n'a jamais eu rien de pa¬

39.0 753.0 1736.0 174.0 reil en histoire. Voy ce que j dis p. 159.

42.0 873.0 2086.0 160.0 Richter dit que dès 715 donc quelques semaines

60.0 973.0 2028.0 156.0 après la + de Pepin II le neustrische Natio¬

51.0 1077.0 2126.0 155.0 nal Partei se soulève contre Plectrude, fem¬

26.0 1191.0 2078.0 176.0 me de Pepin, qui, comme une reine mérov.

49.0 1296.0 2060.0 167.0 exerce la régence pour Theodebald. C'est beau¬

57.0 1406.0 1999.0 170.0 coup dire que de parler de parti national. Il

54.0 1508.0 2004.0 182.0 n'est question que d'une aristocratie qui

53.0 1622.0 2097.0 150.0 veut secouer une tutelle et reprendre le palais.

50.0 1718.0 2133.0 178.0 On voit bien qu'il y eut une réaction formidable

45.0 1806.0 2085.0 171.0 contre la clientèle que Pepin avait mise au ?

35.0 1916.0 2013.0 150.0 pouvoir "Fuit illo tempore Valida persecu¬

46.0 2012.0 2011.0 178.0 tio" (Richter, 183). Les Grands mettent Regin¬

56.0 2126.0 2032.0 153.0 frid à la mairie du Palais. Mais un bâ¬

57.0 2240.0 1997.0 152.0 tard de Pepin, Charles, le premier de ce nom

47.0 2350.0 1956.0 157.0 germanique (vocavit lingua propria Carlum

43.0 2440.0 2053.0 174.0 Richter, 176) qui a 25 ans et a échappé à la prison

56.0 2552.0 1977.0 157.0 où Plectrude le tenait prend la tête des fidèles

40.0 2654.0 2084.0 160.0 austrasiens. Contre lui Raginfrid s allie à Rat¬

46.0 2745.0 2071.0 187.0 bod. On voit donc à quel point d'exaspération

56.0 2891.0 2085.0 128.0 on est arrivé. En même temps les Saxons enva¬

1358.0 2997.0 258.0 81.0 jeune

40.0 2960.0 2031.0 193.0 hissent la frontière. Quant au < petit > Dagobert

51.0 3074.0 2007.0 177.0 III, il meurt et je croirais fort qu'il est as¬

61.0 3193.0 2035.0 153.0 sassiné. Son fils enfant, Thierry est envoyé au

51.0 3290.0 2037.0 173.0 monastère de Chelles. Les grands choisissent com¬

41.0 3394.0 2114.0 171.0 me roi Chilpéric II, fils de Childéric II assassiné

60.0 3508.0 2046.0 186.0 en 673 qui était relégué dans un cloître. C'est

43.0 3592.0 2007.0 199.0 depuis 25 ans le premier mérov. qui monte sur

53.0 3684.0 2073.0 189.0 le trône à l'âge d'homme. On voit donc commt

58.0 3789.0 2047.0 179.0 la royauté n'est plus qu'un instrument dont

45.0 3909.0 1978.0 177.0 joue l'aristocratie (Richter, 184). Charles atta¬

53.0 4015.0 1976.0 197.0 qué par Ratbod qui est monté en bateau avec

59.0 4101.0 1965.0 212.0 les Frisons jusqu'à Cologne et par les Neustriens

49.0 4209.0 1987.0 214.0 conduits par le roi et Raginfrid s enfuit en Ei¬

52.0 4307.0 2080.0 225.0 fel "maximum dispendium de sodalibus suis

57.0 4426.0 1946.0 226.0 perpessus" (Richter, 185) Mais il attaque et

58.0 4525.0 1887.0 232.0 bat les Neustriens à Amblève pendant leur

62.0 4625.0 2044.0 265.0 retraite en 716. Il aurait volontiers fait la paix

46.0 4731.0 2197.0 263.0 à condition de récupérer s. d. la mairie du Palais.

2188.0 383.0 959.0 207.0 Dagobert III depuis 711.

2258.0 3666.0 871.0 140.0 et c'est le dernier.
