3960 5049
3400 63 518 218 10

75 42 1946 129 en Italie contre les impériaux. Elle pille le

71 159 2016 116 pays jusqu'à ce que decimés par les maladies

50 236 2026 134 et anéantie par Narses, ce qui en reste refoule

67 337 429 114 en Gaule.

148 428 1922 147 Il est certain que le Royaume est très vi¬

68 520 2008 147 goureux à cette époque, car en 542 Childebert

71 607 2113 154 et Clotaire font la guerre au roi Wisigoth Theudis

77 692 2001 157 Ils prennent Pampelune, ravagent la vallée de

54 784 2040 171 l'Ebre mais échouent devant Sarragosse et

61 896 1106 149 sont rejetés (Richter, 58).

85 987 2051 151 Deja en 531 et 532 les Wisigoths avaient été

63 1108 1170 145 attaqués (Richter p. 49, 53)

67 1182 2007 199 En 567 le territoire Wisig. entre Garonne et

56 1283 2039 204 Pyrénées devient franc p le mariage de Chilpé¬

76 1447 1414 135 ric av Galswintha (Richter 69)

131 1531 1888 146 L'arrivée des Lombards est pour les Mérov.

68 1617 1961 174 une cause de guerres en Italie. La guerre avec

62 1702 2021 187 eux dure de 568-575 (Richter, 70). Ce sont d'ail¬

59 1801 2019 173 leurs tout d abord les Lombards qui attaquent

93 1893 1978 167 la Provence (Ibid 70) En 574 les Lombards dans

72 1989 2030 203 le pays de Vaud (Ibid 72) En 575 nouvelle attaque

71 2101 1687 171 de l Provence p les Lombards (Ibid. 75).

131 2208 1893 158 En 583 Childebert II s allie à l'empereur

59 2283 1999 188 Maurice contre les Lombards. Le pape Pelage II

83 2393 1968 180 l a aussi imploré (Ibid. 81) En 584 Childebert II

68 2488 1934 153 combat en Italie pour l'empereur Maurice

61 2586 2028 159 contre les Lombards. Il avait reçu 50000 sous d'or.

73 2678 2102 175 La guerre continue sans succès en 585 (Ibid 87-88)

171 2831 1896 170 Pendant ce temps en 585 Gontran attaque

21 2935 2051 137 la Septimanie mais les troupes sont repoussées

68 3013 1973 165 avec de grandes pertes par Reccared, le fils de Leo¬

56 3095 1967 179 vigild. (88) Puis l'état d hostilité subsiste. En

70 3219 2011 169 589, Gontran attaque encore la Septimanie mais

68 3306 2057 156 éprouve une défaite définitive près de Carcas¬

84 3406 437 167 sonne (93)

77 3504 1942 197 En 588 l'armée de Childebert battue p les Lom¬

97 3626 594 153 bards en Italie

87 3727 1715 193 En 589 il fait la paix avec eux (Ibid. 92).

74 3838 1924 196 En 590 nouvelle expédition de Childebert en

69 3949 1708 170 Italie. Puis paix av les Lombards (p. 94)

65 4060 2071 193 En 605 renouvellem de la paix av les Lombards (p.102)

67 4194 1984 237 629 alliance de Dagobert avec Heraclius (p.159)

82 4353 2060 207 630 Dagobert aide le prétendent Wisigoth Sisenath

73 4477 1157 180 contre le roi Swintila (161).

2173 946 1468 198 est-ce en m temps que Justinien ?
