4042 5074
3610.0 16.0 194.0 246.0 2

78.0 78.0 1165.0 191.0 Disposer comme ceci :

2001.0 105.0 89.0 110.0 1

70.0 208.0 1960.0 254.0 L'Empire Romain tel qu'il devait être

67.0 312.0 1975.0 300.0 conquis par les barbares en Occident, avait

59.0 425.0 2025.0 276.0 subi une double réforme qui lui avait enlevé

81.0 563.0 1746.0 223.0 l'essentiel de son caractère antique.

73.0 662.0 2058.0 267.0 Depuis Dioclétien il n'est plus qu'une assem¬

62.0 792.0 1819.0 234.0 blée d'administrés regis par des lois

59.0 947.0 1506.0 223.0 Depuis Constantin il est chrétien.

67.0 1040.0 2048.0 259.0 Mais il conserve frappante son unité médi¬

73.0 1265.0 601.0 119.0 terranéenne.

73.0 1372.0 561.0 122.0 La décrire.

67.0 1420.0 1549.0 212.0 Cette unité servira aux invasions.

1972.0 1575.0 163.0 103.0 2

70.0 1699.0 2020.0 226.0 L'Empire a pris depuis Dioclétien vis à vis des

76.0 1852.0 1661.0 183.0 barbares une attitude défensive

101.0 1942.0 2048.0 228.0 Il l'a prise en accablant sa population et en

101.0 2122.0 1261.0 201.0 Germanisant son armée.

1997.0 2367.0 186.0 136.0 3

81.0 2517.0 2065.0 225.0 Introduction des barbares dans l'Empire.

81.0 2635.0 2065.0 273.0 Ce qu'ils veulent, c'est s'y établir non le dé¬

90.0 2807.0 1650.0 195.0 truire, et s'y établir pour en jouir.

98.0 2878.0 1992.0 231.0 Peut-être en somme sans l'invasion des

93.0 2996.0 2064.0 231.0 Huns les choses auraient-elles pris un tout au¬

104.0 3213.0 471.0 104.0 tre aspect.

98.0 3224.0 1997.0 248.0 Raconter alors l introd. des barbares jus¬

109.0 3374.0 1374.0 232.0 qu'à la rebuffade d'Attila.

2059.0 445.0 1439.0 228.0 Il s'est despotalisé et orientalisé

2175.0 733.0 1862.0 315.0 Il y a le contraste Orient-Occident qu'il ne

2234.0 862.0 1757.0 254.0 faut d'ailleurs pas exagérer Voy. p.5. L'A¬

2137.0 964.0 1747.0 284.0 frique est un compose entre les deux et

2177.0 1136.0 750.0 177.0 Rome p. l'Eglise.

2234.0 1627.0 707.0 309.0 pour la page 7
