3960 5049
3251.0 67.0 697.0 251.0 157

63.0 4.0 1702.0 176.0 de la mort de Dagobert Ier en 638.

95.0 155.0 1962.0 119.0 Cette décadence, c'est celle de la royauté. On

46.0 229.0 2098.0 160.0 a vu plus haut que c'est un absolutisme bru¬

27.0 312.0 2110.0 157.0 tal qui gouverne parce qu'il a conservé de l'E¬

47.0 413.0 2055.0 160.0 tat romain. Pour qu'il marche, il faut que

67.0 510.0 2035.0 130.0 le roi, moteur de tout, conserve la puissance

36.0 583.0 2022.0 174.0 de s'affirmer. Car il n'y a contre lui et contre

23.0 685.0 2073.0 167.0 cette manière de gouverner aucune opposi¬

43.0 777.0 2005.0 165.0 tion d'en ne sorte, ni nationale, ni politi¬

41.0 901.0 2032.0 172.0 que. Les partages eux mêmes qui reclassent

32.0 980.0 2087.0 169.0 si fréquemment les hommes et les territoires

29.0 1080.0 2049.0 169.0 au début sont l'affaire des rois qui se répartis¬

24.0 1181.0 2017.0 189.0 sent leur héritage. Les peuples restent indif¬

29.0 1287.0 2119.0 173.0 férents. Le prestige de la dynastie est très grand

28.0 1397.0 2054.0 154.0 il sans doute incompréhensible sans l'Eglise,

46.0 1503.0 2093.0 149.0 car on ne doit invoquer ici aucun sentiment

42.0 1582.0 2055.0 197.0 germanique. C'est précisément en Germanie

29.0 1710.0 2023.0 157.0 qu'a eu lieu en 656 l 'essai de Grimoald,

41.0 1826.0 2040.0 163.0 le fils de Pepin Ier de substituer son fils au

47.0 1943.0 1985.0 165.0 roi légitime, ce qui rendit, d'après les Gesta

34.0 2048.0 1969.0 138.0 les Franci vehementer indignati et amena

52.0 2142.0 1762.0 148.0 l'arrestation et la mort du coupable.

54.0 2252.0 1983.0 174.0 On voit que le roi s appuye sur l'Eglise qu'il

42.0 2358.0 2023.0 160.0 protège et en fait qu'il domine. En 644 au mo¬

45.0 2461.0 2049.0 150.0 ment où commence le déclin, Sigebert III défend

48.0 2551.0 2024.0 186.0 encore la tenue de synodes sans son autorisation

104.0 2697.0 1918.0 167.0 On fait débuter en général la décadence en

30.0 2777.0 1947.0 171.0 614 lors de l'édit de Clotaire II. Mais cet édit

43.0 2903.0 2001.0 149.0 m'apparait comme un moyen de s'attacher l'E¬

39.0 3001.0 1990.0 158.0 glise en affermissant sa position surtout par

45.0 3104.0 1116.0 170.0 ds privilèges de juridiction.

64.0 3222.0 1918.0 175.0 En tous cas Dagobert Ier est encore un grand

52.0 3331.0 2023.0 182.0 roi qui fait la guerre aux Germains et jouit d'une

53.0 3429.0 1941.0 175.0 situation européenne que n'a eu aucun de ses

41.0 3537.0 1448.0 152.0 prédécesseurs depuis Théodebert.

67.0 3624.0 1980.0 213.0 Il faut décrire les efforts des Francs pour toucher

45.0 3765.0 715.0 145.0 la Mediterranée

59.0 3854.0 1940.0 197.0 Pendant la guerre de Justinien contre les Ostro¬

57.0 3973.0 1927.0 154.0 goths l'Empereur demande leur appui. Mais

66.0 4048.0 2016.0 190.0 Vitigès le rend inopérant en leur cédant la Pro¬

48.0 4153.0 1995.0 202.0 vence que Theodoric les avait empêchés de con¬

57.0 4264.0 1915.0 197.0 quérir sur les Wisigoths (Hartmann I 267). Puis

36.0 4384.0 2034.0 154.0 aprés Theodebert envoye 10000 h. aux Ostrog (Ibid.

43.0 4470.0 2021.0 199.0 282-283) Il agit d'ailleurs à la fois contre les Goths

62.0 4586.0 3820.0 194.0 et les Byzantins (Ibid. 284) Il conquiert en 539 l pl grde partie d l Vénétie, la Ligurie et les Alpes Cot¬

47.0 4700.0 1960.0 200.0 En 552 une armée franco-alamane descend

2175.0 344.0 1688.0 176.0 décad. mérov. commence vers le milieu

2085.0 2574.0 628.0 120.0 Richter p.167.

2307.0 4721.0 952.0 130.0 tiennes (Richter p.57)

2259.0 252.0 1538.0 164.0 D'après Fustel, Transformat. p. 85 la

2184.0 519.0 315.0 107.0 du VII s.

2045.0 2074.0 593.0 126.0 Richter p.168.

2251.0 2229.0 930.0 277.0 Cf Handelsman

2166.0 2694.0 1747.0 212.0 Fustel, Transformat. p. 9 ne voit abso¬

2134.0 2773.0 1752.0 226.0 lument rien ds l edit de 614 qui indi¬

2117.0 2893.0 1533.0 219.0 que affaissement de la royauté.

2132.0 2998.0 1357.0 174.0 Au contraire Lot, Glotz p. 321-322.

2142.0 3665.0 883.0 115.0 Polet état des Mérov.

2521.0 3584.0 258.0 107.0 et exp.

2243.0 3921.0 231.0 140.0 535

2217.0 4215.0 309.0 180.0 en 510

3025.0 4232.0 804.0 211.0 pr ses plans Lavisse

3227.0 4371.0 498.0 156.0 II, 126.
