3960 5049
3213 34 636 546 147

107 31 1986 193 le suppose Buchner, p. 58, son commerce a

89 149 2014 169 sans doute profité de la cessation du tra¬

88 249 2143 190 fic oriental avec le golfe de Lyon. On a un traité

81 353 2080 175 de commerce de vers 715 de la ville avec Luit¬

76 443 1998 195 prand dans lequel la mention du poivre

90 553 1975 162 oblige d'admettre des relations avec le Le¬

75 633 231 144 vant.

73 739 2059 174 Sans doute les vénitiens imitèrent bientôt ces

81 846 2051 166 voisins. En tous cas leur commerce s'étend au

70 951 2110 177 cours du VIIIe s. En 787-791 leurs marchands sont

77 1057 2016 183 exclus de Ravenne à la demande de Charles

76 1159 2056 167 (Jaffé 2480) ce qui prouve qu'ils n'avaient pas

63 1253 2036 160 voulu reconnaître celui-ci comme roi ds Lom¬

74 1357 2002 168 bards et avait s. d. renforcé leur allégeânce à

73 1449 1986 186 Byzance. Leurs rapports avec l'Empereur trop

67 1555 1976 172 éloigné ne sont évidemment employés par eux

57 1654 2081 180 qu'à leur avantage. Leur idéal est l autono¬

76 1761 2073 178 mie sous un Doge, élu par eux et ratifié par

73 1846 2051 206 Byzance. Il y a ça et la des difficultés. En 805,

501 1798 174 63 ou 2

55 1950 2049 228 Venise envoye une ambassade à Charles pr

66 2065 2218 188 se placer sous son protectorat (Richter II, 166)

68 2173 2087 198 Mais cette démarche qui se rattache à des luttes

68 2286 2090 164 de partis dans la ville et à des conflits avec Grado

114 2373 126 63 dont

55 2373 2069 195 ( < qui > déjà en 803 a demandé la protection de

61 2490 2083 158 Charles). A ce moment Venise vient de s'impo¬

730 2411 409 74 le patriarche

57 2569 2115 180 ser aux petites villes de la côte Dalmate < et > (lbid)

70 2679 2124 165 et craint sans doute une réaction de Byzance.

69 2757 2108 203 Il y a ici un moment qui pour avoir été peu

61 2902 2074 190 remarqué est très important. Charles qui an¬

56 3004 2110 173 nexe tout de suite Venise au Royaume d Italie

64 3111 2043 170 avait l'occasion de devenir une puissance

60 3211 2101 184 maritime et de prendre pied en Dalmatie. Mais

53 3289 2161 224 Byzance vit tout de suite le danger. Dès l'an¬

50 3392 2108 210 née suivante Nicéphore envoyait une flotte qui

37 3497 2090 191 obtint tout de suite la soumission de Venise et

51 3593 2053 206 en présence de laquelle Charles ne put rien que

46 3687 1988 230 de recevoir ds ses Etats le patriarche de Grado

60 3787 2023 239 (Richter II 172. Hartmann II 60). En 807, le roi

55 3887 2004 205 d Italie Pepin concluait une trêve avec le

59 3982 2109 214 commandant de la flotte, Nicetas, et les Vénitiens

50 4085 2033 234 livraient des Coupables au βασιλευς qui les fit

48 4205 2115 201 exiler (Richter II 178). Il récompensa ses parti¬

42 4297 2217 250 sans par les titres de Spathaire et d'υπατος. (Ibid).

56 4396 2085 240 Mais l'affaire était trop tentante pour qu'on

47 4510 2091 223 en restât là. En 810 Pepin ayant emprunté les

53 4592 2035 244 bateaux de Commachio (Hartmann III 62) re¬

44 4710 2035 210 prend Venise et la côte Dalmate, mais il bat

27 4801 2170 205 tout de suite en retraite devant Paul, préfet de
