3960 5049
3454.0 40.0 382.0 215.0 123

72.0 29.0 1934.0 166.0 comme chez les chrétiens après le triomphe

72.0 142.0 1889.0 140.0 de l Eglise, aucune compression religieuse.

67.0 237.0 2024.0 122.0 "Si Dieu avait voulu, dit le Koran, il n'au¬µ

78.0 325.0 1928.0 167.0 rait fait qu'un seul peuple de tous les hom¬

72.0 412.0 1996.0 169.0 mes" (Vas. I 275) et il Condamne en propres ter¬

76.0 518.0 1919.0 128.0 mes la violence contre l'erreur. Il n'exige

67.0 617.0 1930.0 114.0 que l'obéissance à Allah, donc à lui, obéis¬

69.0 695.0 1943.0 127.0 sance extérieure d'êtres inférieurs, dégradés,

79.0 776.0 1913.0 172.0 méprisables, qu'on tolère mais dans l'ab¬

70.0 861.0 1975.0 170.0 ¬jection. Et c'est cela qui est intolérable et pour

74.0 956.0 1974.0 140.0 l infidèle démoralisant. On n'attaque pas sa

63.0 1046.0 1968.0 165.0 foi, on l'ignore et c est ce qu il y a de plus effi¬

66.0 1150.0 1946.0 172.0 cace pour qu'il s'en désintéresse et adhère à

64.0 1231.0 2054.0 189.0 Allah qui lui ouvrira en même temps les portes

76.0 1354.0 1975.0 135.0 de la Cité Musulmane. C'est parceque sa re¬

50.0 1445.0 1953.0 174.0 ligion oblige en conscience le Musulman à

81.0 1534.0 1976.0 167.0 traiter l'infidèle en sujet que l'infidèle est

53.0 1631.0 2032.0 161.0 venu à lui. Et en venant à lui a rompu avec

65.0 1747.0 1068.0 145.0 sa patrie et son peuple.

81.0 1837.0 1959.0 200.0 Ainsi le Germain se romanise dès qu'il entre

77.0 1952.0 2064.0 196.0 dans la Romania. Le Romain au contraire s'a¬

73.0 2045.0 1919.0 162.0 rabise dès qu'il est conquis par l'Islam. Il

62.0 2129.0 1972.0 187.0 importe peu que jusqu'en plein Moyen Age il

59.0 2225.0 2026.0 160.0 ait subsisté au milieu des Musulmans des petites

62.0 2332.0 1941.0 147.0 communautés chretiennes, des Koptes, des Nesto¬

66.0 2418.0 1969.0 198.0 riens et partout des Juifs. Toute l'ambiance

76.0 2516.0 1964.0 162.0 n'en a pas moins été profondément trans¬

68.0 2609.0 1983.0 194.0 formée. Il y a eu coupure, rupture nette avec

49.0 2713.0 1980.0 176.0 le passé. Le nouveau maître ne permet pl

59.0 2827.0 2020.0 171.0 aucune influence qui dans le rayon où il do¬

77.0 2925.0 2005.0 143.0 mine puisse échapper au contrôle d'Allah.

59.0 2995.0 2073.0 180.0 Son droit, tiré du Koran, se substitue au droit

83.0 3116.0 1907.0 182.0 romain, sa langue au grec et au latin. En

70.0 3198.0 1978.0 191.0 se christianisant l'Empire <.> changé d'âme

1255.0 3244.0 265.0 57.0 avait

71.0 3309.0 2033.0 175.0 si on peut dire ; ici en s'islamisant, il change

79.0 3403.0 2035.0 171.0 à la fois <..> <.....> <..> d'âme et de corps. La société

78.0 3495.0 1992.0 179.0 civile est aussi transformée que la société reli¬

92.0 3612.0 298.0 132.0 gieuse.

64.0 3687.0 1967.0 196.0 Nulle admiration, nul respect pour ce qui n'est

59.0 3810.0 2062.0 142.0 pas l'Islam. S'il s assimile le bagage culturel qu il

59.0 3890.0 2057.0 154.0 trouve où il s'installe, ceci ne le rapproche en rien

78.0 3988.0 2015.0 162.0 de ses maîtres de pensée puisqu'il leur reste étran¬

70.0 4099.0 1223.0 150.0 ger et supérieur par Allah.

77.0 4185.0 1954.0 145.0 Ainsi avec l'Islam c'est un nouveau monde

67.0 4299.0 1959.0 152.0 qui s'introduit sur ces rivages mediterranéens

70.0 4388.0 1959.0 136.0 où Rome avait répandu le Synchrétisme de sa ci¬

72.0 4454.0 1957.0 168.0 vilisation. La déchirure se fait qui durera jusqu'à

76.0 4571.0 1983.0 146.0 nos jours. Aux bords du mare Nostrum s etendent dé¬

52.0 4659.0 1973.0 168.0 sormais deux civilisations différentes et hostiles.

72.0 4746.0 1929.0 169.0 Et si de nos jours l'Européenne s'est subordonnée

74.0 4852.0 1961.0 154.0 l'Asiatique elle ne l'a pas assimilée. La mer qui

2219 1295 1664 188 On vient d'ailleurs à l Islam p. interet. En

2211 1401 1646 198 Afrique, d après Ibn Kaldoun, les Berbères

2215 1514 1402 179 apostasièrent douze fois en 70 ans

3429 1573 489 157 (Julien, 320)

2110 2042 1791 224 En Espagne au IXe s. m. les chrétiens ne

2110 2143 1785 232 savent pl le latin et on traduit en arabe

2090 2308 1014 182 le texte des Conciles.
