3993 5058
3402.0 71.0 407.0 219.0 210

67.0 7.0 2008.0 148.0 prêt à intérêt a été pratiqué à l'époque

25.0 116.0 1993.0 142.0 Carolingienne. Parbleu ! C'est évident puis¬

48.0 206.0 2033.0 170.0 qu'on l'interdit c'est qu'il existait. Le seul

51.0 315.0 2262.0 143.0 fait intéresant est son interdiction (II 272-73)

15.0 420.0 2018.0 140.0 Il conclut (II, 275) par cette affirmation in¬

12.0 499.0 2073.0 170.0 vraisemblable "Von einer verkehrsfeindlichen

54.0 609.0 1974.0 175.0 Tendenz des Karol. oder ihrer Gesetzgebung kann

24.0 711.0 2133.0 151.0 also wohl doch nicht die Rede sein". Mais

36.0 809.0 2031.0 169.0 ce n'est pas du Verkehr qu'il est question mais

48.0 897.0 2066.0 172.0 du Verkehr avec Wucher et cela ils l'ont inter¬

31.0 1014.0 2059.0 176.0 dit pcq l intérêt à leur époque ne se ratta¬

47.0 1124.0 2017.0 152.0 chait pas aux affaires mais seulement aux

57.0 1230.0 1970.0 168.0 prêts de consommation pendent les famines.

47.0 1300.0 2073.0 188.0 Ils n'ont pas voulu défendre le lucrum, mais

0.0 1416.0 2080.0 178.0 seulement le turpe lucrum. (Le malheur de

61.0 1529.0 1968.0 200.0 Dopsch c'est qu'il ne conçoit que deux alter¬

63.0 1639.0 1961.0 174.0 natives Naturalwirtschaft et Geldwirtschaft.

55.0 1737.0 2034.0 158.0 Or comme il y a Geldw. à l'époque Carol. il en ré¬

44.0 1834.0 1999.0 163.0 sulte pour lui qu'il y a en légitimité de l'in¬

45.0 1960.0 914.0 145.0 terêt). C'est inouï.

80.0 1993.0 1929.0 218.0 Le Capitul de 806 (Boret I 131) explique

48.0 2108.0 2152.0 231.0 longuement pour les Missi ce que c'est que

0.0 2243.0 2361.0 138.0 l'usura et le turpe lucrum. Il est de mau¬

883.0 2348.0 125.0 59.0 la

51.0 2317.0 2066.0 189.0 vaise foi de vouloir considérer comme conte¬

45.0 2401.0 2005.0 200.0 nant des mesures en cas de famine. Il y a ça

0.0 2501.0 2173.0 185.0 aussi mais c'est une instruction générale.

48.0 2627.0 2149.0 174.0 Voici le texte essentiel p.132 17 Qui cumque

52.0 2735.0 2066.0 173.0 tempore messis vel tempore vindemiae

46.0 2823.0 1980.0 166.0 non necessitate sed propter cupiditatem

46.0 2918.0 1968.0 198.0 comparat annonam aut vinum, verbi

51.0 3010.0 2091.0 165.0 gratia de duobus denariis comparat modium

70.0 3130.0 2082.0 142.0 unum et servat usque dum iterum venundare

51.0 3210.0 1975.0 162.0 possit contra dinarios quatuor aut sex seu

60.0 3297.0 2018.0 182.0 amplius, hoc turpe lucrum dicimeus ; si au¬

44.0 3391.0 2010.0 177.0 tem propter necessitatem comparat ut sibi

50.0 3487.0 2049.0 173.0 habeat et aliis tribuat, negotiam dicimus"

252.0 3612.0 1856.0 160.0 Dans cette civilisation anti-commerciale,

46.0 3705.0 2059.0 197.0 il y a pourtant une exception qui semble con

23.0 3829.0 2102.0 176.0 tredire tout ce que l'on vient d'exposer. Il est

23.0 3934.0 2012.0 187.0 certain que dans la première moitié du IXe s.

33.0 4019.0 2028.0 156.0 l extrème Nord de l'Empire, c.a.d les futurs

31.0 4104.0 2030.0 194.0 Pays-Bas ont été animés d'une navigation

49.0 4227.0 2021.0 173.0 fort active qui contraste vivement avec

56.0 4320.0 1508.0 168.0 l'atonie du reste de l'Empire.

44.0 4383.0 2080.0 224.0 ce n'est pas qu'il y ait là quelque chose d'ab¬

44.0 4507.0 2081.0 190.0 solument nouveau. Déjà sous l'Empire, cette

16.0 4624.0 2119.0 166.0 région où l'Escaut, la Meuse et le Rhin mêlent

52.0 4727.0 2026.0 167.0 leurs eaux avait connu un trafic maritime

48.0 4825.0 1971.0 176.0 avec la Bretagne. Elle en EXportait les blés

2328.0 3290.0 1587.0 172.0 Interrompue au milieu de mars

2251.0 3376.0 1670.0 213.0 pour notre voyage : Rome. Après

2189.0 3519.0 1729.0 162.0 le samedi 20 avril, veille de

2347.0 3649.0 436.0 183.0 Pâques.

2123.0 3976.0 664.0 142.0 placer p. 200.
