3960 5049
3337.0 68.0 427.0 213.0 156

34.0 67.0 1996.0 146.0 rovingiens, son centre des gravité n'est plus dans

33.0 163.0 2046.0 140.0 la Romania. Il est au Nord et pour la premiere fois

42.0 249.0 2065.0 150.0 apparaît avec elle une force politique cessant de gra¬

37.0 347.0 2069.0 153.0 viter vers la Méditerranée où domine l'Islam.

42.0 449.0 2045.0 160.0 Avec les Carolingiens c'est une nouvelle orien¬

58.0 546.0 2004.0 156.0 tation, l'Orientation definitive, que prend l'Eu¬

42.0 643.0 1980.0 182.0 rope. Jusqu'à eux, elle a continué à vivre de la

14.0 754.0 2018.0 200.0 vie de l'Antiquité. Mais l'Islam a boulver¬

29.0 856.0 1965.0 176.0 sé toutes les conditions traditionnelles. Les

54.0 963.0 1944.0 202.0 Carolingiens se trouveront dans une situation

52.0 1084.0 1980.0 195.0 qu ils n'ont pas faite, mais qu'ils ont trouvée

60.0 1178.0 1938.0 206.0 et dont ils tireront un parti qui ouvre une

58.0 1303.0 2066.0 190.0 époque nouvelle. Leur rôle ne s'explique que par

55.0 1437.0 1994.0 176.0 la transformation de l'equilibre que l'Islam

43.0 1531.0 1981.0 189.0 a imposée a Monde. Le coup d'Etat qui les a

52.0 1640.0 2026.0 179.0 substitués à la dynastie mérovingienne, la seule

58.0 1725.0 2063.0 188.0 subsistante de celles des invasions ne se comprend

50.0 1853.0 2031.0 168.0 là même, en grande partie, que par la ferme¬

57.0 1939.0 1971.0 174.0 ture de la méditerranée par les Sarasins. Cela

59.0 2046.0 2017.0 157.0 paraît évident si l'on étudie sans parti-pris

65.0 2170.0 1275.0 150.0 la décadence mérovingienne.

111.0 2251.0 1976.0 197.0 Ce qui a empêché de reconnaître cela, c'est que

85.0 2394.0 1964.0 160.0 l'on a toujours considéré la période franque

78.0 2518.0 1967.0 132.0 comme un bloc dans lequel le Carol. n'est que

73.0 2591.0 2054.0 160.0 le continuateur du Merov. dans tous les domai¬

80.0 2718.0 1931.0 143.0 nes, droit, institutions, économie, etc. Or il y

85.0 2809.0 1992.0 177.0 a une différence essentielle entre elles. Fustel

63.0 2930.0 1914.0 192.0 L'Invasion, p. 559 a fort bien dit "Qu'on

81.0 3052.0 2034.0 167.0 regarde les cent cinquante années qui sui¬

80.0 3160.0 1998.0 155.0 vent la mort de Clovis... on reconnaîtra que

81.0 3247.0 2119.0 176.0 les hommes différaient peu de ce qu'ils avaient

86.0 3345.0 1983.0 211.0 été au dernier siecle de l'Empire. Qu'on se

88.0 3472.0 1953.0 165.0 transporte au contraire au VIIIe et au IXe s.

97.0 3573.0 2070.0 221.0 on verra que, sous des dehors plus romains peut-

90.0 3679.0 2025.0 206.0 être la société est absolument différente de

98.0 3821.0 2039.0 201.0 ce qu'elle avait été sous l'autorité de Rome.

93.0 3915.0 2033.0 241.0 Les grands résultats de l'invasion germanique,

94.0 4046.0 1996.0 211.0 obscurs au VIe siècle, apparaîtront au VIIIe siè¬

95.0 4145.0 1985.0 238.0 cle". Waitz avait eu grand raison de séparer

116.0 4271.0 1952.0 191.0 les deux epoques, comme Brunner a eu tort de

96.0 4364.0 1992.0 205.0 les réunir. La coupure des deux mondes se fait

108.0 4476.0 2011.0 199.0 définitivement avec le coup d'Etat de Pepin.

89.0 4574.0 2042.0 214.0 Mais il se prépare bien plus tôt. L Etat Mérov

102.0 4692.0 1970.0 211.0 n'est plus qu'une longue décadence à partir

2182.0 143.0 531.0 146.0 germanique

2243.0 2419.0 1637.0 180.0 Tout d'abord la situation européenne qui

2216.0 2503.0 1660.0 189.0 leur est faite est un contraste complet.

2195.0 2602.0 1626.0 191.0 Il n'y a plus la gravitation méditerra¬

2194.0 2789.0 394.0 97.0 néenne.
