4090 5056
3676.0 92.0 177.0 224.0 16

95.0 60.0 1947.0 173.0 restait encore de Romain sous Syagrius

75.0 179.0 2000.0 171.0 conquis par Clovis en 486 qui s'empare des

84.0 297.0 1975.0 135.0 Alamans ds la Vallée du Rhin et rejette les

75.0 351.0 3281.0 212.0 Wisigoths en Espagne en 507. Quant à l Bretagne ce sont des Anglo Saxons.

73.0 514.0 1966.0 134.0 Ainsi au commencement du VIe siecle, il

75.0 610.0 2109.0 197.0 n'y a plus un pouce de terre qui obéisse encore

73.0 744.0 2050.0 160.0 à l'Empereur. La catastrophe, le bouleverse¬

70.0 859.0 2039.0 143.0 ment semble énorme à première vue, si é¬

75.0 963.0 2051.0 154.0 norme qu'on date de la chute d Romulus comme

81.0 1078.0 2008.0 149.0 un second acte du Monde. A seconde vue

78.0 1205.0 1680.0 140.0 cependant c'est moins important.

89.0 1320.0 1975.0 158.0 Car l'Empire n'a pas disparu en droit. Il

78.0 1435.0 2006.0 154.0 n'a rien cédé en souveraineté. La vielle fiction

75.0 1558.0 2050.0 144.0 des fédérés continue. Et les nouveaux parvenus

84.0 1674.0 1997.0 143.0 eux-mêmes reconnaissent sa primauté. Les

89.0 1768.0 2054.0 189.0 Anglo Saxons seuls l'ignorent. Pour les au¬

87.0 1899.0 2033.0 149.0 tres, il reste comme un souverain éminent.

87.0 2011.0 2081.0 143.0 Theodoric le reconnait gouverneur en son nom

84.0 2089.0 2095.0 184.0 Les Rois burgondes ou disons mieux Sigismond

84.0 2199.0 2095.0 185.0 lui écrit en 480 "Vester quidem est populus

84.0 2312.0 2019.0 176.0 meus" Clovis se fait gloire de recevoir le titre

84.0 2404.0 2031.0 209.0 de Consul. Pas un n'ose prendre le titre d'Em¬

81.0 2519.0 1992.0 171.0 pereur. Il faudra attendre pour cela Charle¬

78.0 2620.0 1997.0 184.0 magne. Constantinople reste la capitale de

80.0 2734.0 2070.0 156.0 cet ensemble. C'est elle que les rois prennent com¬

65.0 2832.0 1990.0 163.0 me arbitres dans leurs querelles, Wisigoths,

91.0 2932.0 1991.0 190.0 Ostrogoths et Vandales. L'Empire subsiste p.

87.0 3067.0 1531.0 140.0 une sorte de présence mystique

126.0 3164.0 1973.0 224.0 Mais ce qui est beaucoup plus important,

98.0 3314.0 1727.0 166.0 c'est la survivance de la Romania.

168.0 3497.0 2014.0 233.0 Pour conclure, les causes de la chute de l'Em¬

106.0 3623.0 2014.0 234.0 pire en Occident sont toutes méditerranéennes.

89.0 3724.0 1638.0 228.0 L'essentiel est la conquête de l'Afrique.

2268.0 514.0 447.0 227.0 en Occident

2189.0 1436.0 1779.0 204.0 Il a seulement casé des fédérés dont les

2193.0 1570.0 1051.0 161.0 rois ou chefs sont partis.

2157.0 2241.0 1871.0 230.0 Pas m. Odoacre. Et ceci prouve que c'est une

2137.0 2338.0 1770.0 246.0 blague de croire av. Schmidt qu'Alaric et

2092.0 2437.0 1895.0 228.0 Wallia auraient voulu substituer un Empire

2141.0 2496.0 1868.0 264.0 germanique à l'Empire Romain. Tous ceux qui

2167.0 2598.0 1826.0 231.0 ont eu la force Ricimer etc. ont fait nommer des

2125.0 2664.0 1886.0 261.0 fantoches romains. Odoacre est le 1er qui ait renoncé

2109.0 2748.0 1787.0 277.0 à ce jeu pr reconnaître l'Emp. de Constantinople
