4090 5080
3543.0 0.0 375.0 392.0 93

1459.0 96.0 1066.0 198.0 Chapitre III.

798.0 310.0 2422.0 209.0 La vie intellectuelle après les invasions,

1975.0 568.0 172.0 126.0 1.

1309.0 674.0 1539.0 195.0 La tradition antique

194.0 945.0 2058.0 186.0 Il est inutile d'insister sur la décadence

107.0 1069.0 2083.0 175.0 grandissante dans l'ordre intellectuelle de

121.0 1168.0 2097.0 208.0 la culture antique depuis le IIIe siècle Elle

110.0 1272.0 2001.0 187.0 s'affirme partout, dans la science, dans

110.0 1371.0 2023.0 188.0 l'art, dans les lettres. On dirait que l'esprit

106.0 1476.0 2030.0 186.0 même est atteint. Pessimisme, découra¬

95.0 1580.0 2064.0 172.0 gement. La tentative de Julien échoue et a¬

107.0 1678.0 1993.0 200.0 près elle le génie antique ne cherche plus à

104.0 1772.0 2069.0 189.0 échapper à l'emprise chrétienne. Pourrait-on

118.0 1871.0 2055.0 207.0 dire que ce qui en reste n'est plus qu'un dé¬

123.0 1978.0 2025.0 185.0 cor dont celui-ci se pare : La vie nouvelle

117.0 2085.0 2050.0 201.0 de l'Eglise conserve encore longtemps le vê¬

116.0 2181.0 2094.0 225.0 tement qui n'est pas fait pour elle de la vie

119.0 2271.0 2082.0 201.0 payenne. Elle se conforme encore à la tradi¬

113.0 2373.0 2088.0 195.0 tion littéraire dont elle respecte le prestige.

118.0 2491.0 2075.0 176.0 Elle conserve la poésie virgilienne et la prose

113.0 2579.0 2080.0 234.0 des rhéteurs. Si le contenu change, le contenant

129.0 2686.0 2103.0 203.0 reste identique. L'apparition d'une littérature

135.0 2819.0 1962.0 181.0 chrétienne est bien postérieure à la nais¬

128.0 2959.0 1393.0 142.0 sance du sentiment chrétien.

143.0 3033.0 2044.0 189.0 Le triomphe définitif du christianisme sous Cons¬

134.0 3155.0 2073.0 170.0 tantin n'a d'ailleurs pas coïncidé avec la chris¬

143.0 3255.0 2047.0 171.0 tianisation interne du monde. Personne ne

131.0 3344.0 2000.0 180.0 cherche plus à faire opposition. L'adhésion est

134.0 3464.0 2008.0 156.0 universelle mais l'emprise n'est complète

133.0 3572.0 2020.0 158.0 que chez une minorité d'ascètes et d'intellec¬

141.0 3650.0 2040.0 203.0 tuels. Chez beaucoup la vie spirituelle n'est pl

139.0 3768.0 2011.0 154.0 antique et n'est pas chrétienne et pour tous

134.0 3850.0 2122.0 197.0 ceux là on comprend qu'il n'y a d'autre littérature

137.0 3965.0 2025.0 163.0 que la littérature traditionnelle. Ce sont les

131.0 4064.0 2005.0 180.0 écoles anciennes de grammaire et de rhéto¬

153.0 4175.0 1980.0 162.0 rique qui déterminent encore l'attitude de

152.0 4271.0 1984.0 183.0 tous ces tièdes et pourvoyent à leur culture

152.0 4329.0 2792.0 226.0 traditionnelle - qui est surtout une littérature de panégyriques.

161.0 4470.0 2054.0 218.0 Les invasions germaniques en Occident ne pou¬

164.0 4583.0 2054.0 184.0 vaient rien et n'ont rien changé à ceci. Com¬

142.0 4694.0 2065.0 179.0 ment l'auraient-elles pu ? On sait que les Ger¬

141.0 4777.0 2100.0 198.0 mains non seulement n'apportaient aucune

131.0 4871.0 2124.0 206.0 idée nouvelle, mais que partout où ils s'éta¬

2608.0 812.0 1415.0 232.0 Note. on ne trouvera naturellemt

2944.0 894.0 1024.0 181.0 ici qu'un aperçu sans le

2873.0 1044.0 1067.0 203.0 de montrer la continuation

2944.0 960.0 1104.0 188.0 moindre prétention si ce n'est

2311.0 2410.0 395.0 138.0 Claudien

2348.0 2884.0 1648.0 219.0 Beaucoup entrent dans l'Église par in¬

2320.0 2983.0 1739.0 218.0 térêt : les gds Sgr C Sidoine pour conser¬

2334.0 3076.0 1668.0 226.0 ver influence sociale ; des malheureux

2359.0 3198.0 1146.0 194.0 pour se mettre à l'abri.

2238.0 3640.0 1805.0 203.0 Voy p. ex. Ebert I 445. Il range parmi les chrétiens

2266.0 3733.0 1787.0 189.0 qui n en ont que le nom et continuent Claudien,

2254.0 3838.0 1347.0 170.0 Flavius Merobaudes et Sidoine.

2266.0 3891.0 1809.0 236.0 Voy encore Ennodius, Ibid 459 dont l'educat

2249.0 4072.0 905.0 158.0 est toute rhétorique.

3209.0 4111.0 361.0 136.0 né à Arles.

2291.0 4560.0 1691.0 178.0 Buchner, Provence, p.85 dit fort bien ce

2297.0 4653.0 1712.0 218.0 qu'il faut dire : continuation de la Spät¬

2269.0 4814.0 395.0 119.0 -antike.
