<?xml version="1.0" encoding="UTF-8"?>
<alto xmlns:xsi="http://www.w3.org/2001/XMLSchema-instance"
      xmlns="http://www.loc.gov/standards/alto/ns-v4#"
      xsi:schemaLocation="http://www.loc.gov/standards/alto/ns-v4# http://www.loc.gov/standards/alto/v4/alto-4-2.xsd">
  <Description>
    <MeasurementUnit>pixel</MeasurementUnit>
    <sourceImageInformation>
      <fileName>Image00076.tif</fileName>
    </sourceImageInformation>
  </Description>
  <Tags>
    <OtherTag ID="BT1" LABEL="Title" DESCRIPTION="block type Title"/><OtherTag ID="BT2" LABEL="Main" DESCRIPTION="block type Main"/><OtherTag ID="BT3" LABEL="Commentary" DESCRIPTION="block type Commentary"/><OtherTag ID="BT4" LABEL="Illustration" DESCRIPTION="block type Illustration"/><OtherTag ID="BT138" LABEL="TitlePageZone" DESCRIPTION="block type TitlePageZone"/><OtherTag ID="BT139" LABEL="MainZone" DESCRIPTION="block type MainZone"/><OtherTag ID="BT140" LABEL="MarginTextZone" DESCRIPTION="block type MarginTextZone"/><OtherTag ID="BT141" LABEL="NumberingZone" DESCRIPTION="block type NumberingZone"/><OtherTag ID="BT142" LABEL="CustomZone:Numbering" DESCRIPTION="block type CustomZone:Numbering"/>
    <OtherTag ID="LT80" LABEL="DefaultLine" DESCRIPTION="line type DefaultLine"/><OtherTag ID="LT81" LABEL="InterlinearLine:correction" DESCRIPTION="line type InterlinearLine:correction"/><OtherTag ID="LT82" LABEL="InterlinearLine:addition" DESCRIPTION="line type InterlinearLine:addition"/><OtherTag ID="LT83" LABEL="HeadingLine" DESCRIPTION="line type HeadingLine"/>
  </Tags>
  <Layout>
    <Page WIDTH="4090"
          HEIGHT="5056"
          PHYSICAL_IMG_NR="75"
          ID="eSc_dummypage_">
      <PrintSpace HPOS="0"
                  VPOS="0"
                  WIDTH="4090"
                  HEIGHT="5056">
        <TextBlock HPOS="3674.0"
                   VPOS="89.0"
                   WIDTH="312.0"
                   HEIGHT="189.0"
                   ID="eSc_textblock_365f31b4"
                   TAGREFS="BT141">
          <Shape><Polygon POINTS="3963 123 3986 210 3795 278 3674 266 3685 146 3789 89"/></Shape>
          <TextLine ID="eSc_line_fc30c8dc"
                    TAGREFS="LT80"
                    BASELINE="3662 197 3994 180" 
                    HPOS="3651.0"
                    VPOS="88.0"
                    WIDTH="342.0"
                    HEIGHT="202.0">
            <Shape><Polygon POINTS="3950 122 3904 113 3862 105 3820 96 3777 92 3735 113 3697 134 3689 122 3651 122 3659 193 3664 290 3824 261 3858 286 3862 286 3866 286 3870 286 3874 286 3883 282 3955 261 3988 278 3993 176 3971 88 3955 96 3950 122"/></Shape>
	    <String CONTENT="73"
                    HPOS="3651.0"
                    VPOS="88.0"
                    WIDTH="342.0"
                    HEIGHT="202.0"></String>
          </TextLine>
        </TextBlock>
        <TextBlock HPOS="88.0"
                   VPOS="168.0"
                   WIDTH="2732.0"
                   HEIGHT="4690.0"
                   ID="eSc_textblock_958e902c"
                   TAGREFS="BT139">
          <Shape><Polygon POINTS="88 4858 88 168 2748 178 2820 680 2252 816 2185 4651 2442 4479 2452 4611 2414 4858"/></Shape>
          <TextLine ID="eSc_line_1cf63726"
                    TAGREFS="LT80"
                    BASELINE="2011 282 2152 275" 
                    HPOS="2002.0"
                    VPOS="176.0"
                    WIDTH="148.0"
                    HEIGHT="169.0">
            <Shape><Polygon POINTS="2007 278 2007 320 2061 345 2066 345 2070 345 2074 345 2150 324 2150 273 2137 176 2002 193 2007 278"/></Shape>
	    <String CONTENT="3"
                    HPOS="2002.0"
                    VPOS="176.0"
                    WIDTH="148.0"
                    HEIGHT="169.0"></String>
          </TextLine>
          <TextLine ID="eSc_line_ee89e93d"
                    TAGREFS="LT80"
                    BASELINE="1272 438 2274 409 2703 441" 
                    HPOS="1264.0"
                    VPOS="332.0"
                    WIDTH="1438.0"
                    HEIGHT="135.0">
            <Shape><Polygon POINTS="1269 433 1269 463 2694 467 2702 438 2698 353 2428 337 2424 337 2420 337 2373 353 2365 358 2357 358 2285 332 2281 332 2276 332 2272 332 2268 332 2243 353 2158 337 2154 337 1922 362 1901 362 1888 362 1762 337 1758 337 1754 337 1749 337 1711 362 1711 366 1551 366 1534 366 1332 341 1328 341 1323 341 1264 362 1269 433"/></Shape>
	    <String CONTENT="Le commerce intérieur."
                    HPOS="1264.0"
                    VPOS="332.0"
                    WIDTH="1438.0"
                    HEIGHT="135.0"
                    WC="0.9920876324176788"></String>
          </TextLine>
          <TextLine ID="eSc_line_cb2ab371"
                    TAGREFS="LT80"
                    BASELINE="143 674 575 713 1300 698 1401 696 2205 679" 
                    HPOS="134.0"
                    VPOS="585.0"
                    WIDTH="2067.0"
                    HEIGHT="173.0">
            <Shape><Polygon POINTS="139 669 139 728 910 758 914 758 1104 728 1172 754 1176 754 1180 758 1551 758 1551 754 1555 754 1644 724 1813 745 1817 745 1821 745 1872 720 1876 720 2196 720 2201 678 2188 585 1631 632 1576 594 1572 594 1568 594 1564 594 1560 594 1446 627 1243 632 1184 610 1180 610 1176 610 1172 610 1167 610 1167 615 1146 632 1054 615 1049 615 910 640 619 640 505 594 501 594 497 594 134 594 139 669"/></Shape>
	    <String CONTENT="Il est naturellement impossible d&#x27;admettre"
                    HPOS="134.0"
                    VPOS="585.0"
                    WIDTH="2067.0"
                    HEIGHT="173.0"
                    WC="0.9755573201747167"></String>
          </TextLine>
          <TextLine ID="eSc_line_ae6209e3"
                    TAGREFS="LT80"
                    BASELINE="143 817 865 837 2146 786" 
                    HPOS="134.0"
                    VPOS="733.0"
                    WIDTH="2007.0"
                    HEIGHT="151.0">
            <Shape><Polygon POINTS="139 813 139 884 868 884 868 880 974 859 1007 851 1024 855 1058 872 1062 872 1066 872 1610 863 2141 821 2141 783 2129 733 134 758 139 813"/></Shape>
	    <String CONTENT="que les marchands orientaux, juifs et autres"
                    HPOS="134.0"
                    VPOS="733.0"
                    WIDTH="2007.0"
                    HEIGHT="151.0"></String>
          </TextLine>
          <TextLine ID="eSc_line_915bec35"
                    TAGREFS="LT80"
                    BASELINE="157 915 387 943 834 949 2109 884" 
                    HPOS="156.0"
                    VPOS="817.0"
                    WIDTH="1952.0"
                    HEIGHT="177.0">
            <Shape><Polygon POINTS="156 994 982 994 982 990 1222 977 1227 977 1231 977 1231 973 1256 952 1281 973 1281 977 1286 977 1290 977 1294 977 1484 943 1581 956 1585 956 1589 956 1593 956 1593 952 1614 935 1673 956 1678 956 1682 956 1686 956 1690 956 1720 935 1897 952 1901 952 1905 952 1956 926 2053 943 2057 943 2061 943 2066 943 2108 910 2108 880 2095 817 640 893 586 867 581 867 577 867 227 880 156 914 156 994"/></Shape>
	    <String CONTENT="se bornaient à importer dans la mer Tyrrhé¬"
                    HPOS="156.0"
                    VPOS="817.0"
                    WIDTH="1952.0"
                    HEIGHT="177.0"
                    WC="0.9951124413068905"></String>
          </TextLine>
          <TextLine ID="eSc_line_2652e58a"
                    TAGREFS="LT80"
                    BASELINE="140 1019 351 1053 904 1058 2120 994" 
                    HPOS="139.0"
                    VPOS="926.0"
                    WIDTH="1977.0"
                    HEIGHT="186.0">
            <Shape><Polygon POINTS="139 1095 792 1112 796 1112 1033 1082 1340 1091 1345 1091 1349 1091 1458 1049 1606 1074 1610 1074 2011 1028 2057 1061 2061 1061 2066 1061 2070 1061 2074 1061 2078 1061 2078 1057 2116 1019 2116 990 2104 926 649 1002 248 990 139 1015 139 1095"/></Shape>
	    <String CONTENT="nienne sans en rien exporter. Leurs bateaux"
                    HPOS="139.0"
                    VPOS="926.0"
                    WIDTH="1977.0"
                    HEIGHT="186.0"
                    WC="0.9754830196499824"></String>
          </TextLine>
          <TextLine ID="eSc_line_b3d4ad88"
                    TAGREFS="LT80"
                    BASELINE="146 1126 323 1157 786 1165 2098 1120" 
                    HPOS="143.0"
                    VPOS="1044.0"
                    WIDTH="1952.0"
                    HEIGHT="177.0">
            <Shape><Polygon POINTS="143 1196 257 1221 269 1221 307 1192 1425 1192 1602 1158 1732 1183 1745 1183 1783 1158 1910 1171 1910 1167 1931 1150 1931 1146 2095 1141 2095 1116 2087 1061 1905 1044 1619 1078 1551 1057 1534 1057 1522 1070 1501 1082 1323 1070 1273 1070 1100 1099 885 1099 847 1074 826 1074 826 1078 822 1078 805 1103 619 1108 198 1091 143 1124 143 1196"/></Shape>
	    <String CONTENT="emportaient évidemment du frêt de retour."
                    HPOS="143.0"
                    VPOS="1044.0"
                    WIDTH="1952.0"
                    HEIGHT="177.0"
                    WC="0.9935783860160083"></String>
          </TextLine>
          <TextLine ID="eSc_line_67560a35"
                    TAGREFS="LT80"
                    BASELINE="138 1212 155 1226 477 1279 865 1264 2056 1219" 
                    HPOS="134.0"
                    VPOS="1146.0"
                    WIDTH="1919.0"
                    HEIGHT="151.0">
            <Shape><Polygon POINTS="134 1297 2053 1268 2053 1217 2040 1154 1888 1175 1846 1154 1825 1146 1821 1146 1817 1146 1745 1158 1602 1183 1534 1162 1509 1154 1505 1154 1501 1154 1450 1162 1286 1196 1058 1175 1054 1175 1049 1175 1045 1175 1003 1205 788 1209 704 1179 699 1179 695 1179 691 1179 560 1213 514 1179 510 1179 505 1179 501 1179 497 1179 493 1179 451 1217 387 1183 383 1183 379 1183 215 1188 134 1209 134 1297"/></Shape>
	    <String CONTENT="Le principal doit avoir consisté en esclaves."
                    HPOS="134.0"
                    VPOS="1146.0"
                    WIDTH="1919.0"
                    HEIGHT="151.0"
                    WC="0.9749225038428639"></String>
          </TextLine>
          <TextLine ID="eSc_line_e5912f42"
                    TAGREFS="LT80"
                    BASELINE="168 1348 443 1376 702 1379 1306 1365 2140 1320" 
                    HPOS="164.0"
                    VPOS="1247.0"
                    WIDTH="1973.0"
                    HEIGHT="189.0">
            <Shape><Polygon POINTS="164 1415 556 1436 560 1436 1037 1398 1146 1419 1151 1419 1155 1419 1159 1419 1189 1398 1210 1415 1214 1415 1218 1415 1222 1415 1442 1390 1568 1407 1572 1407 2133 1356 2137 1318 2125 1247 1855 1285 1779 1264 1775 1264 1770 1264 1631 1289 1589 1268 1585 1268 1581 1268 1576 1268 1479 1297 1007 1310 957 1285 952 1285 948 1285 944 1285 864 1310 805 1285 801 1285 796 1285 792 1285 725 1318 168 1301 164 1344 164 1415"/></Shape>
	    <String CONTENT="On sait que l&#x27;esclavage domestique et rural"
                    HPOS="164.0"
                    VPOS="1247.0"
                    WIDTH="1973.0"
                    HEIGHT="189.0"
                    WC="0.9824427550747281"></String>
          </TextLine>
          <TextLine ID="eSc_line_5e27a96d"
                    TAGREFS="LT80"
                    BASELINE="132 1438 384 1480 755 1488 2112 1432" 
                    HPOS="130.0"
                    VPOS="1352.0"
                    WIDTH="1978.0"
                    HEIGHT="185.0">
            <Shape><Polygon POINTS="130 1516 590 1516 640 1537 649 1537 1054 1504 1345 1512 1446 1487 1686 1504 1969 1457 2104 1470 2108 1428 2099 1373 1939 1352 1931 1352 1876 1373 1863 1381 1846 1377 1821 1365 1813 1365 1673 1377 1564 1390 1454 1369 1412 1381 1370 1398 1345 1386 1328 1373 1307 1373 1264 1407 881 1415 750 1394 725 1394 493 1428 236 1407 130 1436 130 1516"/></Shape>
	    <String CONTENT="est encore extrêmement répandu après le Ve s."
                    HPOS="130.0"
                    VPOS="1352.0"
                    WIDTH="1978.0"
                    HEIGHT="185.0"
                    WC="0.9748755812644958"></String>
          </TextLine>
          <TextLine ID="eSc_line_4cc24b81"
                    TAGREFS="LT80"
                    BASELINE="120 1558 550 1575 988 1572 2241 1516" 
                    HPOS="113.0"
                    VPOS="1432.0"
                    WIDTH="2125.0"
                    HEIGHT="194.0">
            <Shape><Polygon POINTS="1125 1474 1100 1474 1075 1483 1003 1508 712 1516 113 1499 118 1554 118 1617 801 1626 805 1626 1340 1609 1345 1609 1349 1609 1383 1588 1792 1592 1796 1592 1800 1592 1804 1592 1838 1571 1863 1558 2234 1558 2238 1512 2234 1466 2150 1432 2146 1432 2141 1432 2137 1432 2070 1466 2061 1470 2045 1466 1939 1449 1935 1449 1834 1470 1792 1478 1695 1474 1572 1466 1568 1466 1454 1478 1277 1495 1193 1483 1138 1470 1125 1474"/></Shape>
	    <String CONTENT="Je serais même tenté pour ma part de croire"
                    HPOS="113.0"
                    VPOS="1432.0"
                    WIDTH="2125.0"
                    HEIGHT="194.0"
                    WC="0.9903407720002261"></String>
          </TextLine>
          <TextLine ID="eSc_line_3e5e9ddc"
                    TAGREFS="LT80"
                    BASELINE="140 1657 921 1674 2157 1617" 
                    HPOS="134.0"
                    VPOS="1550.0"
                    WIDTH="2020.0"
                    HEIGHT="177.0">
            <Shape><Polygon POINTS="139 1655 139 1727 290 1706 556 1719 733 1723 737 1723 2154 1651 2154 1613 2141 1550 1479 1592 801 1592 796 1592 792 1592 729 1613 134 1605 139 1655"/></Shape>
	    <String CONTENT="que les invasions germaniques lui ont donné"
                    HPOS="134.0"
                    VPOS="1550.0"
                    WIDTH="2020.0"
                    HEIGHT="177.0"
                    WC="0.9810395851021722"></String>
          </TextLine>
          <TextLine ID="eSc_line_c5f5c58a"
                    TAGREFS="LT80"
                    BASELINE="148 1749 387 1775 730 1780 2109 1721" 
                    HPOS="147.0"
                    VPOS="1655.0"
                    WIDTH="1961.0"
                    HEIGHT="194.0">
            <Shape><Polygon POINTS="147 1824 269 1845 333 1820 371 1849 387 1849 455 1824 978 1828 1016 1803 1454 1811 1522 1786 1640 1799 1711 1769 2108 1752 2108 1719 2095 1660 1779 1676 1762 1668 1745 1655 1648 1668 1560 1685 1446 1664 1437 1664 1374 1689 1205 1672 1205 1676 1201 1676 1189 1693 1142 1676 1130 1676 1028 1706 476 1723 189 1710 147 1748 147 1824"/></Shape>
	    <String CONTENT="un regain de prospérité. Les Germains le con¬"
                    HPOS="147.0"
                    VPOS="1655.0"
                    WIDTH="1961.0"
                    HEIGHT="194.0"
                    WC="0.9889125759186952"></String>
          </TextLine>
          <TextLine ID="eSc_line_e6df4056"
                    TAGREFS="LT80"
                    BASELINE="140 1853 435 1893 747 1896 2132 1834" 
                    HPOS="139.0"
                    VPOS="1769.0"
                    WIDTH="1990.0"
                    HEIGHT="181.0">
            <Shape><Polygon POINTS="139 1925 607 1950 611 1950 898 1921 1505 1921 1505 1917 1509 1917 1602 1887 1695 1904 1699 1904 1703 1904 1825 1870 1829 1870 1834 1870 1973 1891 1977 1891 2129 1858 2129 1832 2116 1769 590 1841 522 1811 518 1811 514 1811 510 1811 505 1811 463 1841 248 1820 139 1849 139 1925"/></Shape>
	    <String CONTENT="naissaient comme les Romains et auront a¬"
                    HPOS="139.0"
                    VPOS="1769.0"
                    WIDTH="1990.0"
                    HEIGHT="181.0"
                    WC="0.9946059308400969"></String>
          </TextLine>
          <TextLine ID="eSc_line_38fee049"
                    TAGREFS="LT80"
                    BASELINE="134 1949 390 1997 834 1997 2255 1940" 
                    HPOS="130.0"
                    VPOS="1870.0"
                    WIDTH="2121.0"
                    HEIGHT="177.0">
            <Shape><Polygon POINTS="130 2030 860 2047 1458 2009 1581 2026 1623 1997 1918 1984 1926 1984 2015 2013 2032 2013 2032 2009 2066 1980 2074 1980 2146 2001 2158 2001 2251 1976 2251 1938 2238 1887 2129 1896 2053 1870 2040 1870 1964 1900 1884 1870 1872 1870 1800 1904 1766 1891 1732 1887 1669 1908 1589 1879 1576 1879 1450 1912 1425 1900 1408 1887 1391 1887 1323 1912 1239 1891 1227 1891 1138 1929 708 1938 227 1921 130 1946 130 2030"/></Shape>
	    <String CONTENT="mené avec eux pas mal d&#x27;esclaves. Leurs guerres"
                    HPOS="130.0"
                    VPOS="1870.0"
                    WIDTH="2121.0"
                    HEIGHT="177.0"
                    WC="0.9863832178323165"></String>
          </TextLine>
          <TextLine ID="eSc_line_43cb305d"
                    TAGREFS="LT80"
                    BASELINE="140 2075 407 2109 792 2112 1797 2064 2171 2056" 
                    HPOS="139.0"
                    VPOS="1984.0"
                    WIDTH="2028.0"
                    HEIGHT="181.0">
            <Shape><Polygon POINTS="139 2144 535 2165 1286 2140 1286 2136 1307 2119 1598 2131 1682 2106 1737 2094 2023 2115 2066 2085 2158 2094 2167 2051 2158 1997 1935 1984 1821 2009 1749 1984 1732 1984 1682 2018 1564 1997 1543 2005 1505 2026 1172 2035 1130 2009 1113 2009 1041 2039 965 2018 944 2018 944 2022 940 2022 923 2043 775 2022 661 2051 177 2035 139 2072 139 2144"/></Shape>
	    <String CONTENT="contre les barbares d&#x27;outre Rhin et contre les"
                    HPOS="139.0"
                    VPOS="1984.0"
                    WIDTH="2028.0"
                    HEIGHT="181.0"
                    WC="0.9737861234208812"></String>
          </TextLine>
          <TextLine ID="eSc_line_4a3125bc"
                    TAGREFS="LT80"
                    BASELINE="160 2196 525 2221 865 2219 2106 2157" 
                    HPOS="151.0"
                    VPOS="2068.0"
                    WIDTH="1953.0"
                    HEIGHT="211.0">
            <Shape><Polygon POINTS="156 2195 156 2258 577 2279 581 2279 834 2249 1328 2249 1332 2249 1863 2195 2036 2207 2040 2207 2045 2207 2104 2178 2104 2153 2099 2102 2002 2068 1998 2068 1994 2068 1990 2068 1985 2068 1935 2102 1926 2110 1880 2106 1707 2081 1703 2081 1699 2081 1623 2110 1576 2131 1096 2144 1062 2123 1058 2123 1054 2123 1049 2123 898 2157 822 2123 796 2115 792 2115 788 2115 784 2115 750 2127 645 2165 151 2140 156 2195"/></Shape>
	    <String CONTENT="Lombard y auront encore contribués."
                    HPOS="151.0"
                    VPOS="2068.0"
                    WIDTH="1953.0"
                    HEIGHT="211.0"
                    WC="0.9796060153416225"></String>
          </TextLine>
          <TextLine ID="eSc_line_a9b2fc1f"
                    TAGREFS="LT80"
                    BASELINE="143 2274 373 2334 750 2334 2174 2261" 
                    HPOS="139.0"
                    VPOS="2178.0"
                    WIDTH="2032.0"
                    HEIGHT="210.0">
            <Shape><Polygon POINTS="139 2363 565 2388 2171 2292 2171 2258 2158 2203 2082 2207 2040 2178 2019 2178 1977 2207 1964 2212 1846 2199 1585 2237 1534 2216 1513 2216 1446 2245 1328 2233 1176 2258 1054 2220 1037 2220 990 2254 969 2237 952 2237 889 2266 754 2254 628 2279 227 2249 139 2270 139 2363"/></Shape>
	    <String CONTENT="D&#x27;autre part, si l&#x27;Eglise en admettant l&#x27;es¬"
                    HPOS="139.0"
                    VPOS="2178.0"
                    WIDTH="2032.0"
                    HEIGHT="210.0"
                    WC="0.9858858163763837"></String>
          </TextLine>
          <TextLine ID="eSc_line_df203d35"
                    TAGREFS="LT80"
                    BASELINE="148 2387 373 2429 786 2432 2221 2342" 
                    HPOS="147.0"
                    VPOS="2270.0"
                    WIDTH="2070.0"
                    HEIGHT="228.0">
            <Shape><Polygon POINTS="1981 2270 1964 2270 1964 2275 1931 2304 1648 2304 1610 2325 1581 2304 1581 2300 1564 2300 1479 2329 1248 2321 1163 2351 1117 2329 1100 2329 1100 2334 1096 2334 1079 2359 775 2372 240 2359 147 2384 147 2473 548 2498 645 2469 1151 2469 1151 2464 1159 2464 1193 2439 1412 2452 1496 2418 1551 2443 1560 2443 1808 2397 2213 2397 2217 2338 2205 2279 2028 2300 1985 2270 1981 2270"/></Shape>
	    <String CONTENT="clave aux sacrements et en lui reconnaissant"
                    HPOS="147.0"
                    VPOS="2270.0"
                    WIDTH="2070.0"
                    HEIGHT="228.0"
                    WC="0.9786573109172639"></String>
          </TextLine>
          <TextLine ID="eSc_line_f980408d"
                    TAGREFS="LT80"
                    BASELINE="142 2483 416 2538 649 2550 1643 2469 2148 2449" 
                    HPOS="139.0"
                    VPOS="2372.0"
                    WIDTH="2007.0"
                    HEIGHT="219.0">
            <Shape><Polygon POINTS="139 2561 371 2557 476 2591 484 2591 839 2574 839 2570 843 2570 855 2553 1130 2557 1252 2528 1391 2544 1551 2502 1682 2528 1695 2528 1695 2523 1732 2494 1851 2502 1960 2477 2108 2498 2146 2464 2146 2447 2137 2393 2091 2372 2074 2372 2074 2376 2045 2397 2023 2376 2007 2376 1918 2397 1884 2376 1867 2376 1754 2410 1741 2410 1648 2393 1281 2443 1227 2418 1214 2418 1189 2426 1113 2460 501 2490 434 2452 244 2460 139 2481 139 2561"/></Shape>
	    <String CONTENT="le droit ou pour mieux dire l obligation de se"
                    HPOS="139.0"
                    VPOS="2372.0"
                    WIDTH="2007.0"
                    HEIGHT="219.0"
                    WC="0.9761423346671191"></String>
          </TextLine>
          <TextLine ID="eSc_line_e6bd1f07"
                    TAGREFS="LT80"
                    BASELINE="157 2590 471 2658 482 2657 2132 2558" 
                    HPOS="156.0"
                    VPOS="2490.0"
                    WIDTH="1973.0"
                    HEIGHT="206.0">
            <Shape><Polygon POINTS="156 2675 497 2696 497 2692 501 2692 522 2667 577 2692 586 2692 746 2683 775 2658 834 2679 843 2679 1113 2641 1146 2662 1408 2650 1539 2620 1593 2641 1880 2629 1880 2624 1910 2595 1910 2591 2125 2582 2129 2557 2120 2490 1829 2519 1762 2502 1728 2498 1598 2536 1467 2511 1176 2557 1087 2532 1066 2532 999 2565 957 2540 957 2536 936 2536 936 2540 906 2570 805 2544 780 2544 733 2582 489 2591 278 2570 156 2586 156 2675"/></Shape>
	    <String CONTENT="marier, a relevé sa condition, elle n&#x27;a ce¬"
                    HPOS="156.0"
                    VPOS="2490.0"
                    WIDTH="1973.0"
                    HEIGHT="206.0"
                    WC="0.992016552388668"></String>
          </TextLine>
          <TextLine ID="eSc_line_1435337e"
                    TAGREFS="LT80"
                    BASELINE="134 2707 365 2738 691 2741 2148 2660" 
                    HPOS="130.0"
                    VPOS="2586.0"
                    WIDTH="2016.0"
                    HEIGHT="207.0">
            <Shape><Polygon POINTS="535 2654 531 2654 392 2679 198 2667 130 2704 130 2780 168 2780 172 2780 177 2780 569 2793 573 2793 2141 2688 2146 2658 2133 2586 1260 2650 1214 2624 1214 2620 1210 2620 1205 2620 1201 2620 1197 2620 1193 2620 1189 2624 1142 2654 1028 2637 1024 2637 1020 2637 1016 2637 986 2667 640 2679 539 2654 535 2654"/></Shape>
	    <String CONTENT="pendant pas en principe condamné ni at¬"
                    HPOS="130.0"
                    VPOS="2586.0"
                    WIDTH="2016.0"
                    HEIGHT="207.0"
                    WC="0.9970797437887925"></String>
          </TextLine>
          <TextLine ID="eSc_line_ee6e9a13"
                    TAGREFS="LT80"
                    BASELINE="158 2783 352 2844 612 2842 1755 2803 2134 2772 2154 2769" 
                    HPOS="156.0"
                    VPOS="2709.0"
                    WIDTH="1994.0"
                    HEIGHT="193.0">
            <Shape><Polygon POINTS="156 2873 290 2902 303 2902 303 2898 333 2873 590 2894 1623 2835 1627 2835 1657 2860 2082 2852 2150 2818 2150 2768 2146 2721 1931 2709 1728 2747 1695 2730 1686 2721 1665 2721 1657 2730 1623 2751 1560 2730 1539 2730 1475 2755 1408 2734 1374 2730 1323 2759 1020 2747 446 2785 236 2759 156 2780 156 2873"/></Shape>
	    <String CONTENT="taqué l institution servile. Les mancipia"
                    HPOS="156.0"
                    VPOS="2709.0"
                    WIDTH="1994.0"
                    HEIGHT="193.0"
                    WC="0.9760311643282572"></String>
          </TextLine>
          <TextLine ID="eSc_line_4d7e484b"
                    TAGREFS="LT80"
                    BASELINE="123 2918 480 2964 693 2949 2199 2890" 
                    HPOS="122.0"
                    VPOS="2814.0"
                    WIDTH="2074.0"
                    HEIGHT="185.0">
            <Shape><Polygon POINTS="122 2983 522 2999 527 2999 2196 2919 2196 2886 2184 2814 1678 2856 1361 2848 1357 2848 1353 2848 1311 2869 864 2856 860 2856 855 2856 801 2881 729 2860 725 2860 721 2860 501 2894 164 2877 122 2915 122 2983"/></Shape>
	    <String CONTENT="se rencontraient donc partout non seulement"
                    HPOS="122.0"
                    VPOS="2814.0"
                    WIDTH="2074.0"
                    HEIGHT="185.0"
                    WC="0.9996820061634748"></String>
          </TextLine>
          <TextLine ID="eSc_line_6b07fa77"
                    TAGREFS="LT80"
                    BASELINE="126 3008 269 3042 668 3053 2171 2977" 
                    HPOS="122.0"
                    VPOS="2902.0"
                    WIDTH="2045.0"
                    HEIGHT="203.0">
            <Shape><Polygon POINTS="122 3088 451 3096 455 3096 459 3096 527 3075 607 3105 611 3105 615 3105 2167 3008 2167 2974 2158 2919 2023 2902 2019 2902 2015 2902 2011 2902 2011 2907 1994 2924 1990 2924 1977 2911 1973 2911 1969 2911 1964 2911 1960 2911 1914 2924 1876 2936 1863 2928 1846 2911 1842 2911 1838 2911 1834 2911 1829 2911 1825 2911 1825 2915 1808 2928 1787 2945 1619 2932 1568 2932 1564 2932 1433 2940 687 2991 219 2978 122 3004 122 3088"/></Shape>
	    <String CONTENT="dans les grands domaines mais au service"
                    HPOS="122.0"
                    VPOS="2902.0"
                    WIDTH="2045.0"
                    HEIGHT="203.0"
                    WC="0.9748106950368637"></String>
          </TextLine>
          <TextLine ID="eSc_line_8efe8aee"
                    TAGREFS="LT80"
                    BASELINE="136 3116 144 3117 365 3157 702 3160 2177 3081" 
                    HPOS="134.0"
                    VPOS="3008.0"
                    WIDTH="2041.0"
                    HEIGHT="206.0">
            <Shape><Polygon POINTS="134 3197 594 3214 2171 3113 2175 3079 2163 3016 1960 3033 1926 3020 1880 3008 1867 3008 1787 3046 1610 3054 1568 3033 1543 3029 1408 3067 1323 3042 1298 3042 1298 3046 1269 3071 1155 3058 1130 3079 1024 3050 1007 3050 952 3088 813 3075 581 3105 539 3071 518 3071 387 3101 219 3084 134 3113 134 3197"/></Shape>
	    <String CONTENT="de tous les particuliers de quelque fortune. On"
                    HPOS="134.0"
                    VPOS="3008.0"
                    WIDTH="2041.0"
                    HEIGHT="206.0"></String>
          </TextLine>
          <TextLine ID="eSc_line_a906929c"
                    TAGREFS="LT80"
                    BASELINE="137 3227 424 3258 839 3252 2209 3171" 
                    HPOS="134.0"
                    VPOS="3109.0"
                    WIDTH="2071.0"
                    HEIGHT="211.0">
            <Shape><Polygon POINTS="2196 3117 1796 3109 1792 3109 1787 3109 1745 3130 1720 3147 1501 3155 1484 3138 1475 3134 1475 3130 1471 3130 1467 3130 1463 3130 1458 3130 1425 3143 1370 3160 1311 3147 1256 3134 1252 3134 1248 3134 1201 3151 1130 3172 914 3164 910 3164 548 3202 215 3185 134 3223 139 3294 324 3290 375 3315 379 3315 383 3320 383 3315 387 3315 438 3290 737 3299 742 3299 746 3299 796 3273 910 3290 914 3290 2205 3202 2205 3168 2196 3117"/></Shape>
	    <String CONTENT="avait beau en affranchir, il en restait tou¬"
                    HPOS="134.0"
                    VPOS="3109.0"
                    WIDTH="2071.0"
                    HEIGHT="211.0"
                    WC="0.9894120105003056"></String>
          </TextLine>
          <TextLine ID="eSc_line_10e45a88"
                    TAGREFS="LT80"
                    BASELINE="140 3336 426 3356 789 3351 2174 3262" 
                    HPOS="139.0"
                    VPOS="3193.0"
                    WIDTH="2032.0"
                    HEIGHT="219.0">
            <Shape><Polygon POINTS="139 3404 354 3412 354 3408 371 3391 383 3391 522 3412 1049 3383 1075 3362 1239 3370 1281 3345 1505 3358 1678 3324 1888 3336 2171 3290 2171 3261 2158 3193 1420 3252 1391 3231 1391 3227 1370 3227 1345 3248 1277 3231 1260 3231 1260 3235 1256 3235 1227 3265 1121 3269 1083 3244 1062 3244 1024 3277 813 3290 210 3290 139 3332 139 3404"/></Shape>
	    <String CONTENT="jours et leur nombre s&#x27;alimentait par des"
                    HPOS="139.0"
                    VPOS="3193.0"
                    WIDTH="2032.0"
                    HEIGHT="219.0"
                    WC="0.9847792223095894"></String>
          </TextLine>
          <TextLine ID="eSc_line_5c8764c9"
                    TAGREFS="LT80"
                    BASELINE="148 3424 435 3457 1148 3432" 
                    HPOS="143.0"
                    VPOS="3358.0"
                    WIDTH="1003.0"
                    HEIGHT="155.0">
            <Shape><Polygon POINTS="147 3421 147 3476 438 3513 442 3513 446 3513 548 3488 666 3509 670 3509 1146 3467 1146 3429 1134 3358 438 3387 143 3370 147 3421"/></Shape>
	    <String CONTENT="arrivages continuels."
                    HPOS="143.0"
                    VPOS="3358.0"
                    WIDTH="1003.0"
                    HEIGHT="155.0"
                    WC="0.9825319108508882"></String>
          </TextLine>
          <TextLine ID="eSc_line_389762d0"
                    TAGREFS="LT80"
                    BASELINE="164 3498 380 3590 2150 3490" 
                    HPOS="160.0"
                    VPOS="3417.0"
                    WIDTH="1986.0"
                    HEIGHT="223.0">
            <Shape><Polygon POINTS="2129 3417 2104 3438 1985 3425 1981 3425 1977 3425 1922 3450 1859 3433 1855 3433 1851 3433 1614 3463 1437 3442 1374 3438 1370 3438 1243 3450 1239 3450 1235 3450 1172 3492 590 3492 586 3492 413 3526 265 3492 160 3497 164 3615 240 3615 274 3640 278 3640 282 3640 286 3640 290 3640 295 3640 333 3610 337 3610 362 3610 902 3610 906 3610 2141 3534 2146 3488 2129 3417"/></Shape>
	    <String CONTENT="La grande source en était les peuples bar¬"
                    HPOS="160.0"
                    VPOS="3417.0"
                    WIDTH="1986.0"
                    HEIGHT="223.0"
                    WC="0.9996333686929"></String>
          </TextLine>
          <TextLine ID="eSc_line_8c5b106c"
                    TAGREFS="LT80"
                    BASELINE="137 3629 365 3665 696 3671 2188 3589" 
                    HPOS="134.0"
                    VPOS="3505.0"
                    WIDTH="2050.0"
                    HEIGHT="219.0">
            <Shape><Polygon POINTS="134 3699 430 3695 552 3724 556 3724 560 3724 767 3695 1252 3695 1252 3690 1509 3652 1690 3669 1695 3669 2184 3610 2184 3585 2167 3505 2061 3539 2002 3513 1998 3513 1994 3513 1990 3513 1876 3551 1151 3585 1075 3568 1070 3568 1066 3568 889 3598 223 3598 134 3627 134 3699"/></Shape>
	    <String CONTENT="bares. C&#x27;était certainement un marchand"
                    HPOS="134.0"
                    VPOS="3505.0"
                    WIDTH="2050.0"
                    HEIGHT="219.0"
                    WC="0.9898486794569553"></String>
          </TextLine>
          <TextLine ID="eSc_line_a43ad925"
                    TAGREFS="LT80"
                    BASELINE="143 3733 404 3769 688 3772 2143 3679" 
                    HPOS="139.0"
                    VPOS="3602.0"
                    WIDTH="2002.0"
                    HEIGHT="236.0">
            <Shape><Polygon POINTS="1914 3602 1796 3631 1728 3652 1648 3623 1636 3623 1572 3640 1509 3661 1454 3631 1442 3631 1399 3648 1349 3674 952 3695 860 3674 843 3674 805 3707 590 3716 501 3716 459 3678 198 3695 139 3728 139 3808 324 3804 434 3838 451 3838 451 3834 472 3813 1028 3804 1104 3770 1125 3792 1142 3792 1227 3770 1290 3792 1307 3792 1374 3749 1408 3749 1690 3770 1690 3766 1695 3766 1716 3741 1901 3749 2141 3711 2141 3678 2133 3623 1914 3602"/></Shape>
	    <String CONTENT="d&#x27;esclaves que Samo dont Frédégaire nous"
                    HPOS="139.0"
                    VPOS="3602.0"
                    WIDTH="2002.0"
                    HEIGHT="236.0"
                    WC="0.9781738057732582"></String>
          </TextLine>
          <TextLine ID="eSc_line_8b0b72cc"
                    TAGREFS="LT80"
                    BASELINE="150 3823 505 3899 2132 3808" 
                    HPOS="147.0"
                    VPOS="3724.0"
                    WIDTH="1982.0"
                    HEIGHT="211.0">
            <Shape><Polygon POINTS="147 3914 527 3935 952 3914 1066 3884 1189 3905 1484 3867 1547 3888 1564 3888 1564 3884 1568 3884 1581 3867 1851 3867 1888 3842 2049 3863 2129 3829 2129 3804 2125 3754 2070 3724 1935 3724 1935 3728 1905 3758 1749 3741 1678 3766 1661 3775 1598 3745 1581 3745 1581 3749 1555 3770 1547 3783 1467 3783 1446 3770 1399 3749 1383 3749 1383 3754 1349 3787 1290 3766 1277 3766 1184 3796 1134 3779 1100 3775 1070 3800 691 3796 598 3821 257 3800 147 3821 147 3914"/></Shape>
	    <String CONTENT="rapporte qu&#x27;il arriva chez les Wendes à la tête"
                    HPOS="147.0"
                    VPOS="3724.0"
                    WIDTH="1982.0"
                    HEIGHT="211.0"
                    WC="0.9927618021056765"></String>
          </TextLine>
          <TextLine ID="eSc_line_432f34fe"
                    TAGREFS="LT80"
                    BASELINE="121 3918 385 3990 741 3985 2140 3912" 
                    HPOS="118.0"
                    VPOS="3838.0"
                    WIDTH="2019.0"
                    HEIGHT="206.0">
            <Shape><Polygon POINTS="480 3897 476 3893 421 3931 244 3901 118 3914 118 4011 556 4044 560 4044 1248 3998 1433 4011 1437 4011 1442 4011 1576 3973 2133 3935 2137 3909 2129 3855 2032 3838 2028 3838 1922 3859 1834 3876 1783 3863 1737 3846 1732 3846 1728 3846 1724 3846 1669 3863 1593 3893 1231 3901 1167 3876 1142 3867 1138 3867 1134 3867 1130 3867 1125 3867 1125 3872 1117 3876 1087 3909 653 3931 560 3931 510 3897 480 3897"/></Shape>
	    <String CONTENT="d&#x27;une troupe de marchands aventuriers en"
                    HPOS="118.0"
                    VPOS="3838.0"
                    WIDTH="2019.0"
                    HEIGHT="206.0"
                    WC="0.9620645061919564"></String>
          </TextLine>
          <TextLine ID="eSc_line_33fd145e"
                    TAGREFS="LT80"
                    BASELINE="157 4047 337 4081 741 4086 2154 4019" 
                    HPOS="156.0"
                    VPOS="3939.0"
                    WIDTH="1994.0"
                    HEIGHT="185.0">
            <Shape><Polygon POINTS="156 4124 1315 4112 2146 4044 2150 4015 2146 3968 2057 3939 2040 3939 1994 3968 1762 3952 1703 3985 1673 3960 1657 3960 1581 3981 1564 3981 1539 3960 1517 3960 1517 3964 1488 3994 1433 3981 1345 3968 1307 4002 1231 3977 1214 3977 1214 3981 1205 3985 1193 4002 1163 3990 1142 3990 674 4027 206 4011 156 4044 156 4124"/></Shape>
	    <String CONTENT="623-624. Les marchands allaient là, comme"
                    HPOS="156.0"
                    VPOS="3939.0"
                    WIDTH="1994.0"
                    HEIGHT="185.0"
                    WC="0.9880699396133423"></String>
          </TextLine>
          <TextLine ID="eSc_line_02e60cc1"
                    TAGREFS="LT80"
                    BASELINE="148 4131 384 4179 837 4185 2151 4126" 
                    HPOS="147.0"
                    VPOS="4053.0"
                    WIDTH="2003.0"
                    HEIGHT="198.0">
            <Shape><Polygon POINTS="147 4213 337 4213 400 4251 417 4251 480 4230 818 4230 868 4204 893 4225 902 4225 906 4230 1205 4230 1205 4225 1581 4196 1606 4213 1627 4213 1673 4175 1686 4175 1859 4204 1981 4166 2150 4166 2150 4124 2137 4065 2007 4074 1964 4053 1952 4053 1884 4086 1475 4103 1366 4082 1353 4082 1075 4116 822 4099 649 4129 257 4108 147 4129 147 4213"/></Shape>
	    <String CONTENT="les Varègues du IXe s. en Russie pour razzier des"
                    HPOS="147.0"
                    VPOS="4053.0"
                    WIDTH="2003.0"
                    HEIGHT="198.0"
                    WC="0.986600843568643"></String>
          </TextLine>
          <TextLine ID="eSc_line_1d42d7d9"
                    TAGREFS="LT80"
                    BASELINE="140 4238 367 4283 637 4291 1418 4263 2188 4218" 
                    HPOS="139.0"
                    VPOS="4150.0"
                    WIDTH="2045.0"
                    HEIGHT="189.0">
            <Shape><Polygon POINTS="139 4318 527 4339 531 4339 2184 4259 2184 4217 2171 4150 1855 4166 1851 4166 1787 4192 1661 4175 1657 4175 1652 4175 1572 4200 1517 4183 1513 4183 1509 4183 1184 4213 1125 4188 1121 4188 1117 4188 1113 4188 1041 4217 699 4209 695 4209 691 4209 615 4230 248 4213 139 4234 139 4318"/></Shape>
	    <String CONTENT="esclaves et sans doute pour ramener des four¬"
                    HPOS="139.0"
                    VPOS="4150.0"
                    WIDTH="2045.0"
                    HEIGHT="189.0"
                    WC="0.9939816968385563"></String>
          </TextLine>
          <TextLine ID="eSc_line_27d7330e"
                    TAGREFS="LT80"
                    BASELINE="129 4328 157 4333 360 4391 795 4400 941 4393 1837 4336 2264 4325" 
                    HPOS="126.0"
                    VPOS="4247.0"
                    WIDTH="2134.0"
                    HEIGHT="202.0">
            <Shape><Polygon POINTS="126 4415 307 4415 324 4415 497 4449 501 4449 2260 4365 2260 4322 2238 4247 2205 4268 2125 4251 2116 4251 2112 4251 2091 4251 1766 4289 1522 4276 1517 4276 1513 4276 1425 4306 1357 4276 1353 4276 1349 4276 1345 4276 1260 4310 1214 4289 1210 4289 1205 4289 1011 4318 990 4301 990 4297 986 4297 982 4297 978 4297 974 4297 893 4322 240 4310 126 4327 126 4415"/></Shape>
	    <String CONTENT="rures. &lt;.....&gt; Les Wendes étant payens pouvaient"
                    HPOS="126.0"
                    VPOS="4247.0"
                    WIDTH="2134.0"
                    HEIGHT="202.0"></String>
          </TextLine>
          <TextLine ID="eSc_line_735a4137"
                    TAGREFS="LT80"
                    BASELINE="147 4446 325 4494 778 4502 2126 4426" 
                    HPOS="143.0"
                    VPOS="4356.0"
                    WIDTH="1982.0"
                    HEIGHT="194.0">
            <Shape><Polygon POINTS="143 4537 156 4541 818 4550 1197 4533 1197 4529 1218 4512 1484 4520 1509 4495 1581 4516 1589 4516 2125 4453 2125 4424 2116 4373 1914 4356 1905 4356 1821 4390 1766 4373 1749 4373 1724 4398 1193 4419 1104 4390 1092 4390 1066 4398 995 4428 607 4424 607 4428 602 4428 590 4445 231 4424 143 4445 143 4537"/></Shape>
	    <String CONTENT="être achetés et vendus sans scrupules. Car les"
                    HPOS="143.0"
                    VPOS="4356.0"
                    WIDTH="1982.0"
                    HEIGHT="194.0"
                    WC="0.9851647886362943"></String>
          </TextLine>
          <TextLine ID="eSc_line_4f37adac"
                    TAGREFS="LT80"
                    BASELINE="127 4538 337 4603 705 4612 2089 4547" 
                    HPOS="126.0"
                    VPOS="4466.0"
                    WIDTH="1961.0"
                    HEIGHT="193.0">
            <Shape><Polygon POINTS="126 4638 611 4659 615 4659 2087 4588 2087 4546 2082 4495 2036 4466 2032 4466 2028 4466 2023 4466 2019 4466 2015 4466 1969 4504 1964 4504 1952 4504 1855 4482 1851 4482 1846 4482 1842 4482 1813 4504 1758 4474 1754 4474 1749 4474 1745 4474 1627 4504 1585 4516 1564 4508 1534 4491 1530 4491 1526 4491 1522 4491 1471 4508 1429 4520 1383 4508 1311 4491 1307 4491 1302 4491 1298 4491 1252 4512 1201 4529 1130 4512 1121 4512 1117 4512 1092 4512 598 4550 231 4525 126 4537 126 4638"/></Shape>
	    <String CONTENT="conciles mettaient des obstacles à la vente"
                    HPOS="126.0"
                    VPOS="4466.0"
                    WIDTH="1961.0"
                    HEIGHT="193.0"
                    WC="0.952952718605166"></String>
          </TextLine>
          <TextLine ID="eSc_line_1b0fcdc9"
                    TAGREFS="LT80"
                    BASELINE="135 4662 422 4725 758 4718 2123 4659" 
                    HPOS="134.0"
                    VPOS="4588.0"
                    WIDTH="1986.0"
                    HEIGHT="185.0">
            <Shape><Polygon POINTS="134 4744 535 4773 640 4748 1269 4748 1298 4723 1378 4744 1572 4740 1614 4714 1985 4727 1985 4723 2019 4689 2120 4685 2120 4655 2108 4592 1943 4613 1922 4596 1918 4588 1901 4588 1804 4617 1766 4592 1745 4592 1707 4622 1606 4609 1555 4630 1463 4609 1446 4609 1399 4638 1201 4643 1130 4622 1117 4622 1049 4647 957 4617 940 4617 940 4622 936 4622 910 4651 843 4622 826 4622 826 4626 822 4626 792 4655 733 4630 721 4630 661 4664 535 4664 438 4634 413 4634 413 4638 387 4659 261 4643 134 4659 134 4744"/></Shape>
	    <String CONTENT="des esclaves chrétiens hors du royaume, ce qui"
                    HPOS="134.0"
                    VPOS="4588.0"
                    WIDTH="1986.0"
                    HEIGHT="185.0"
                    WC="0.988853996846734"></String>
          </TextLine>
          <TextLine ID="eSc_line_c1e382be"
                    TAGREFS="LT80"
                    BASELINE="123 4772 382 4822 789 4831 1988 4775 2384 4766" 
                    HPOS="122.0"
                    VPOS="4681.0"
                    WIDTH="2260.0"
                    HEIGHT="214.0">
            <Shape><Polygon POINTS="122 4853 324 4853 400 4895 421 4895 451 4870 1290 4870 1357 4841 1741 4841 1800 4820 1804 4815 1863 4841 1872 4841 2057 4803 2171 4803 2247 4841 2264 4841 2302 4807 2382 4807 2382 4765 2369 4706 2260 4718 2184 4681 2015 4685 1838 4727 1796 4693 1783 4693 1568 4740 1425 4714 1383 4718 1189 4748 1104 4723 1083 4723 1028 4756 539 4769 189 4740 122 4769 122 4853"/></Shape>
	    <String CONTENT="prouve justement qu&#x27;il y avait vente à l&#x27;étranger."
                    HPOS="122.0"
                    VPOS="4681.0"
                    WIDTH="2260.0"
                    HEIGHT="214.0"
                    WC="0.9912563800811768"></String>
          </TextLine>
        </TextBlock>
        <TextBlock HPOS="2204.0"
                   VPOS="2475.0"
                   WIDTH="1831.0"
                   HEIGHT="1506.0"
                   ID="eSc_textblock_61e849ca"
                   TAGREFS="BT140">
          <Shape><Polygon POINTS="2204 2647 2204 3981 4006 3981 4035 2475"/></Shape>
          <TextLine ID="eSc_line_536ed7e6"
                    TAGREFS="LT80"
                    BASELINE="2209 2760 2368 2735 2913 2704 3921 2609" 
                    HPOS="2205.0"
                    VPOS="2511.0"
                    WIDTH="1712.0"
                    HEIGHT="269.0">
            <Shape><Polygon POINTS="2205 2759 2205 2780 3765 2671 3917 2633 3917 2608 3896 2511 3706 2561 3558 2544 3546 2544 3541 2544 3537 2544 3533 2544 3533 2549 3499 2582 3339 2591 3301 2570 3288 2565 3284 2565 3280 2565 3212 2578 3027 2624 2791 2637 2770 2624 2761 2616 2757 2616 2753 2616 2749 2616 2744 2616 2702 2633 2635 2654 2593 2641 2546 2629 2542 2629 2538 2629 2534 2629 2479 2654 2441 2671 2407 2662 2357 2645 2352 2645 2348 2645 2344 2645 2226 2675 2205 2759"/></Shape>
	    <String CONTENT="Son pdv est resté absolument ce qu&#x27;il"
                    HPOS="2205.0"
                    VPOS="2511.0"
                    WIDTH="1712.0"
                    HEIGHT="269.0"></String>
          </TextLine>
          <TextLine ID="eSc_line_5490796b"
                    TAGREFS="LT80"
                    BASELINE="2241 2845 3629 2749 3969 2713" 
                    HPOS="2230.0"
                    VPOS="2650.0"
                    WIDTH="1737.0"
                    HEIGHT="236.0">
            <Shape><Polygon POINTS="2238 2844 2238 2886 2470 2856 2529 2869 2563 2873 2567 2873 2572 2873 2597 2860 2652 2839 2711 2852 2749 2860 2753 2860 2757 2860 2799 2844 2829 2835 2930 2835 3099 2835 3103 2835 3107 2835 3111 2835 3132 2818 3149 2806 3196 2814 3267 2822 3272 2822 3276 2822 3280 2822 3301 2806 3309 2797 3322 2801 3360 2814 3364 2814 3368 2814 3373 2814 3449 2793 3478 2785 3512 2785 3638 2797 3643 2797 3647 2797 3651 2797 3689 2772 3706 2759 3967 2747 3967 2709 3955 2650 2230 2768 2238 2844"/></Shape>
	    <String CONTENT="etait ds l&#x27;Empire Romain. Voy. Ver¬"
                    HPOS="2230.0"
                    VPOS="2650.0"
                    WIDTH="1737.0"
                    HEIGHT="236.0"
                    WC="0.9720323863956664"></String>
          </TextLine>
          <TextLine ID="eSc_line_a7dd097c"
                    TAGREFS="LT80"
                    BASELINE="2214 2949 3030 2890 3619 2871" 
                    HPOS="2209.0"
                    VPOS="2780.0"
                    WIDTH="1408.0"
                    HEIGHT="207.0">
            <Shape><Polygon POINTS="2213 2945 2213 2987 2513 2978 2580 2945 2626 2961 2660 2966 2753 2936 3145 2940 3246 2907 3272 2932 3537 2919 3617 2881 3617 2869 3605 2780 3428 2806 3360 2785 3347 2785 3293 2810 3259 2789 3090 2797 3056 2827 2976 2806 2959 2806 2959 2810 2926 2844 2791 2848 2766 2844 2711 2827 2702 2827 2500 2865 2487 2865 2394 2839 2378 2839 2378 2844 2344 2873 2276 2856 2264 2856 2209 2877 2213 2945"/></Shape>
	    <String CONTENT="linden, Anuario XI (1934)"
                    HPOS="2209.0"
                    VPOS="2780.0"
                    WIDTH="1408.0"
                    HEIGHT="207.0"
                    WC="0.993823453783989"></String>
          </TextLine>
          <TextLine ID="eSc_line_da465f3a"
                    TAGREFS="LT80"
                    BASELINE="2252 3168 2393 3160 3359 3067 3983 3033" 
                    HPOS="2243.0"
                    VPOS="2932.0"
                    WIDTH="1737.0"
                    HEIGHT="282.0">
            <Shape><Polygon POINTS="2251 3164 2251 3193 2352 3214 2365 3214 2407 3181 2550 3197 2690 3160 2799 3176 2926 3138 2981 3160 2989 3160 3225 3117 3335 3101 3423 3122 3436 3122 3533 3084 3980 3058 3980 3029 3967 2957 3896 2961 3841 2932 3824 2932 3765 2974 3533 2957 3533 2961 3499 2995 3499 2999 3428 2999 3322 3004 3288 2978 3272 2978 3124 3033 2782 3058 2690 3029 2681 3029 2445 3050 2445 3054 2441 3054 2420 3084 2285 3063 2243 3088 2251 3164"/></Shape>
	    <String CONTENT="La Lex Visig. mentionne même des"
                    HPOS="2243.0"
                    VPOS="2932.0"
                    WIDTH="1737.0"
                    HEIGHT="282.0"></String>
          </TextLine>
          <TextLine ID="eSc_line_74eed68d"
                    TAGREFS="LT80"
                    BASELINE="2225 3258 3719 3162 4000 3157" 
                    HPOS="2217.0"
                    VPOS="3079.0"
                    WIDTH="1780.0"
                    HEIGHT="215.0">
            <Shape><Polygon POINTS="2424 3160 2394 3160 2331 3197 2217 3202 2222 3256 2222 3294 3997 3189 3997 3155 3993 3092 3621 3079 3617 3079 3613 3079 3474 3122 3352 3096 3347 3096 3343 3096 3339 3096 3280 3134 3276 3134 3115 3122 3111 3122 2791 3164 2740 3138 2736 3138 2732 3138 2728 3138 2723 3138 2677 3172 2500 3185 2483 3185 2428 3155 2424 3160"/></Shape>
	    <String CONTENT="esclaves chez des pauperes p. 5 III.4.17. On"
                    HPOS="2217.0"
                    VPOS="3079.0"
                    WIDTH="1780.0"
                    HEIGHT="215.0"></String>
          </TextLine>
          <TextLine ID="eSc_line_1b688536"
                    TAGREFS="LT80"
                    BASELINE="2141 3356 3781 3249 4037 3251" 
                    HPOS="2133.0"
                    VPOS="3172.0"
                    WIDTH="1902.0"
                    HEIGHT="223.0">
            <Shape><Polygon POINTS="2137 3353 2137 3395 4035 3286 4035 3248 4026 3176 3723 3172 3718 3172 3529 3210 3516 3210 3512 3210 3461 3189 3457 3189 3453 3189 3449 3189 3385 3218 3381 3218 3368 3218 3255 3202 3250 3202 2959 3244 2913 3248 2905 3248 2854 3227 2850 3227 2846 3227 2841 3227 2782 3252 2774 3256 2757 3256 2647 3240 2643 3240 2639 3240 2580 3265 2572 3269 2538 3269 2386 3256 2382 3256 2378 3256 2373 3256 2373 3261 2369 3261 2357 3277 2352 3282 2331 3282 2205 3269 2201 3269 2196 3269 2133 3286 2137 3353"/></Shape>
	    <String CONTENT="leur donne les prostituées recidivistes, pour"
                    HPOS="2133.0"
                    VPOS="3172.0"
                    WIDTH="1902.0"
                    HEIGHT="223.0"
                    WC="0.976760093555894"></String>
          </TextLine>
          <TextLine ID="eSc_line_cf3d82b2"
                    TAGREFS="LT80"
                    BASELINE="2224 3438 3752 3362" 
                    HPOS="2217.0"
                    VPOS="3303.0"
                    WIDTH="1531.0"
                    HEIGHT="185.0">
            <Shape><Polygon POINTS="2222 3433 2222 3488 2812 3454 2841 3467 2888 3488 2892 3488 2896 3488 3069 3484 3710 3450 3714 3450 3718 3450 3748 3425 3748 3358 3740 3303 3238 3303 3234 3303 2993 3341 2976 3341 2968 3341 2816 3324 2812 3324 2808 3324 2803 3324 2770 3349 2664 3332 2660 3332 2656 3332 2652 3332 2652 3336 2647 3336 2631 3358 2631 3362 2470 3366 2310 3349 2306 3349 2302 3349 2217 3379 2222 3433"/></Shape>
	    <String CONTENT="qu&#x27;elles soient in gravi servitio."
                    HPOS="2217.0"
                    VPOS="3303.0"
                    WIDTH="1531.0"
                    HEIGHT="185.0"
                    WC="0.9853604670726892"></String>
          </TextLine>
          <TextLine ID="eSc_line_42309e4d"
                    TAGREFS="LT80"
                    BASELINE="2317 3651 3008 3623" 
                    HPOS="2306.0"
                    VPOS="3543.0"
                    WIDTH="700.0"
                    HEIGHT="139.0">
            <Shape><Polygon POINTS="2314 3648 2314 3682 2900 3682 2900 3678 2905 3678 3006 3644 3006 3619 2993 3543 2306 3551 2314 3648"/></Shape>
	    <String CONTENT="SS Merov. II,144."
                    HPOS="2306.0"
                    VPOS="3543.0"
                    WIDTH="700.0"
                    HEIGHT="139.0"
                    WC="0.9890041211072136"></String>
          </TextLine>
          <TextLine ID="eSc_line_c483d79e"
                    TAGREFS="LT80"
                    BASELINE="2221 3820 3545 3775 3882 3775" 
                    HPOS="2213.0"
                    VPOS="3674.0"
                    WIDTH="1666.0"
                    HEIGHT="206.0">
            <Shape><Polygon POINTS="2217 3817 2222 3880 2285 3859 2458 3876 2491 3872 2601 3846 2690 3863 2728 3867 2808 3859 2985 3834 3094 3855 3158 3829 3212 3850 3229 3850 3242 3842 3259 3825 3318 3838 3364 3842 3394 3817 3879 3813 3879 3770 3874 3699 3748 3674 3554 3707 3499 3682 3482 3682 3440 3716 3276 3716 3246 3690 3229 3690 3111 3724 2863 3703 2719 3737 2466 3716 2407 3745 2357 3720 2344 3720 2213 3754 2217 3817"/></Shape>
	    <String CONTENT="8 Verlinden, Le Franc Samo Rev Belge,"
                    HPOS="2213.0"
                    VPOS="3674.0"
                    WIDTH="1666.0"
                    HEIGHT="206.0"
                    WC="0.9723265670441292"></String>
          </TextLine>
          <TextLine ID="eSc_line_4a32d7f3"
                    TAGREFS="LT80"
                    BASELINE="2280 3921 3104 3898" 
                    HPOS="2272.0"
                    VPOS="3834.0"
                    WIDTH="831.0"
                    HEIGHT="164.0">
            <Shape><Polygon POINTS="2276 3918 2281 3998 2441 3952 2521 3985 2525 3985 2529 3985 2534 3985 2538 3985 2567 3968 2593 3990 2593 3994 2597 3994 2601 3994 2605 3994 2715 3990 2719 3990 2723 3990 2778 3939 2951 3939 3002 3977 3006 3977 3010 3977 3014 3981 3103 3981 3103 3897 3090 3834 2272 3863 2276 3918"/></Shape>
	    <String CONTENT="1933 p.1090- 1095."
                    HPOS="2272.0"
                    VPOS="3834.0"
                    WIDTH="831.0"
                    HEIGHT="164.0"
                    WC="0.9791156053543091"></String>
          </TextLine>
        </TextBlock>
      </PrintSpace>
    </Page>
  </Layout>
</alto>
