4090 5056
3482.0 139.0 388.0 290.0 27

2141.0 219.0 85.0 139.0 4.

1104.0 404.0 1957.0 185.0 Les Etats Germaniques en Occident.

202.0 669.0 2041.0 173.0 Il est Trop évident pour qu'il faille y insis¬

185.0 800.0 2016.0 152.0 ter que les institutions tribale d l Germanie

206.0 914.0 1978.0 147.0 n'aient pu etre appliquées dans les nouveaux

193.0 1019.0 2045.0 135.0 Royaumes fondés sur le sol d l'Empire. Impos¬

185.0 1124.0 2058.0 148.0 sible de les appliquer à la population romaine.

202.0 1221.0 2053.0 139.0 La Sippe désorganisée etc. Il aurait fallu pour qu'il

181.0 1318.0 2041.0 152.0 en subsistat quelque chose qu il y eût en conquête

193.0 1419.0 2100.0 127.0 violente et Volonté d asservissement comme

177.0 1525.0 2095.0 143.0 chez les Lombards. Il fallait aussi pour cela de petits

177.0 1630.0 2036.0 148.0 royaumes comme chez les Anglo Saxons et peuv

156.0 1740.0 708.0 134.0 plés d Germains.

168.0 1841.0 2070.0 164.0 Sans doute les rois Germaniques installés dans

624.0 1946.0 206.0 93.0 ont été

164.0 1963.0 2049.0 135.0 l'empire <....> des rois nationaux pour leur

160.0 2064.0 2015.0 139.0 peuple, des Reges gentium, comme dit Grégoire

172.0 2153.0 2109.0 172.0 le Grand (Jaffé N° 1899). Ils s'appellent rex Gotho¬

164.0 2270.0 2188.0 131.0 rum, Vandalorum, Burgondionum, Francorum.

151.0 2380.0 2100.0 164.0 Mais pour les Romains, ils sont des généraux ro¬

151.0 2506.0 2024.0 135.0 mains auxquels l'Empereur a abandonné le

151.0 2599.0 2071.0 152.0 gouvernement sur la population civile. C'est

151.0 2721.0 2096.0 135.0 donc cette étiquette romaine qu'ils leur appa¬

151.0 2797.0 2066.0 139.0 raissent. Et ils sont glorieux de l'afficher de¬

139.0 2894.0 2091.0 160.0 vant eux. Voir la cavalcade de Clovis quand il

139.0 3037.0 1290.0 118.0 a été fait Consul honoraire.

151.0 3113.0 2121.0 164.0 L'etat des choses le plus simple apparaît sous Théo¬

147.0 3244.0 2045.0 114.0 doric. Il est en fait un vice roi romain. Il ne

126.0 3336.0 2011.0 148.0 prend que des Edits et non des lois. Les Goths ne

143.0 3425.0 2062.0 160.0 forment que l'Armée. Toutes les magistratures

134.0 3534.0 2054.0 144.0 civiles sont romaines et toute l administra¬

134.0 3644.0 2075.0 164.0 tion romaine est conservée autant qu'il

139.0 3758.0 2028.0 151.0 se peut. Le Sénat subsiste. Mais tout le pou¬

113.0 3867.0 2079.0 156.0 voir est concentré dans le roi et dans sa cour,

126.0 3990.0 2041.0 118.0 cad. dans le sacré palais. Theodoric ne prend

113.0 4099.0 2058.0 126.0 même que le simple titre de rex comme s'il

109.0 4209.0 2117.0 139.0 voulait faire disparaitre son origine barbare.

105.0 4306.0 2015.0 147.0 Il réside à Ravenne comme les empereurs. La

105.0 4419.0 2066.0 148.0 division des provinces avec leurs duces, rectores,

134.0 4550.0 2016.0 126.0 praesides, la Constitution municipale avec les

143.0 4668.0 2091.0 130.0 curiales et defensores, l organisation des impôts,

118.0 4777.0 2032.0 139.0 tout est conservé. Il frappe monnaie, mais

2491.0 606.0 1544.0 177.0 On se moque de nous quand on nous

2483.0 695.0 1493.0 194.0 parle de la politique sociale de ces

2466.0 792.0 1514.0 177.0 rois et de leur Conservative Haltung

2479.0 889.0 1564.0 202.0 à l'égard des institutions impériales

2475.0 1504.0 1526.0 160.0 Les mots qui se sont conservés d l an¬

2458.0 1617.0 1395.0 173.0 tiquité germanique : ban, feramos

2441.0 1727.0 936.0 169.0 etc ont fait illusion

2314.0 2494.0 1725.0 198.0 On a vainement cherché à leur conserver

2297.0 2599.0 1658.0 211.0 un caractère germanique. Voir la joy¬

2285.0 2696.0 1425.0 198.0 -euse histoire du char on boeufs.

2378.0 3063.0 1627.0 227.0 Dans le Royaume de Theod. comme

2285.0 3185.0 1724.0 198.0 dans le Bas Empire, les fonctions civiles

2238.0 3299.0 1569.0 214.0 et les fonct. milit. sont séparées.

2323.0 3463.0 1581.0 156.0 On appelle officiellem (Cassiodore) les

2264.0 3556.0 1648.0 198.0 Goths : barbari, milites, capillati (Zeit.

2243.0 3669.0 1657.0 190.0 Schweizer. Gesch. 1934 p. 451 art. d Schmidt)

2230.0 3775.0 1096.0 193.0 l Rétie sous les Ostrog).
