3960 5049
3286.0 95.0 439.0 410.0 149

64.0 19.0 2004.0 166.0 Mais cela n'empêche rien du tout. Les Vé¬

45.0 132.0 1997.0 139.0 nitiens tout en combattant l infidète mar¬

41.0 215.0 1982.0 182.0 chandent avec lui. C'est d'Alexandrie qu'une

44.0 298.0 1962.0 173.0 flotte de 10 navires rapporte en 827 les reliques

43.0 401.0 1969.0 163.0 de S. Marc volées aussi bien à l'insu des chretiens

28.0 503.0 2037.0 168.0 que des Musulmans de la ville (Hartmann III 68).

86.0 606.0 1926.0 149.0 Le grand commerce de Venise est celui des

47.0 701.0 1985.0 159.0 esclaves Slaves de la côte dalmate. En 876,

60.0 801.0 1932.0 176.0 le doge l'interdit vainement. Ils vendent

32.0 893.0 2006.0 167.0 même au milieu du IXe s. des esclaves Chrétiens

41.0 1014.0 1527.0 161.0 aux Musulmans (Schaube, p. 22).

38.0 1113.0 1954.0 193.0 Le traité de commerce avec Lothaire en 840

42.0 1230.0 1982.0 169.0 (Capit. II, 130) montre une ville essentiellemt

43.0 1328.0 1986.0 188.0 marchande. On y parle pour l'interdire de

37.0 1426.0 2006.0 192.0 la vente des esclaves chrétiens (<.> 3) et de celle

52.0 1533.0 879.0 199.0 des eunuques (<.> 33)

52.0 1640.0 1951.0 196.0 C est là que s'embarquent les passagers pour

17.0 1731.0 1346.0 194.0 Le Levant (Schaube p. 3 n.3).

49.0 1857.0 1977.0 180.0 De là aussi qu arrivent en Egypte les bois de cons¬

34.0 1960.0 401.0 137.0 truction.

24.0 2054.0 2070.0 170.0 La noblesse prend part au commerce (Hart¬

33.0 2154.0 1996.0 197.0 mann III 67). On importe d'Orient essentiellem

27.0 2271.0 1976.0 170.0 epices et soie c. le montre l episode d S. Ger¬

29.0 2391.0 2016.0 180.0 main d'Aurillac. C est la m. chose que l'ar¬

39.0 2476.0 1295.0 159.0 cem de Marseille <.>

40.0 2569.0 1938.0 168.0 Qu'exporte-t-on ? Ces mêmes soies et épices sans

33.0 2672.0 1979.0 173.0 doute Italie mais guère au delà encore qu il

18.0 2771.0 1908.0 200.0 a dû y avoir quelque transport par delà les

15.0 2849.0 1931.0 169.0 Alpes. Mais on a aussi comme Marchés toute

32.0 2960.0 1932.0 177.0 la côte Dalmate. C'est sans doute là que se

37.0 3059.0 1905.0 183.0 fait le plus fort du commerce. Car on ne

46.0 3163.0 1960.0 202.0 voit guère ce que la terre ferme aurait pu

36.0 3276.0 1942.0 175.0 fournir d'autre que du blé. On a d'ailleurs

47.0 3368.0 1928.0 172.0 fort peu de renseignments avant la fin du

38.0 3469.0 1931.0 169.0 IXe siècle où l'on voit des Vénitiens trafiquer

40.0 3556.0 2875.0 204.0 à Pavie (Thomson, p. 880). Ils trafiquaient certainement aussi à Rome.

74.0 3692.0 1887.0 163.0 Ces Vénitiens sont un autre monde.

27.0 3762.0 1923.0 216.0 Ils ont l'esprit mercantile et ne s'em¬

39.0 3899.0 1950.0 166.0 barrassent pas du turpe lucrum, com¬

29.0 4011.0 1915.0 144.0 me le montre la bonne historiette de S.

35.0 4089.0 1937.0 186.0 Géraud d'Aurillac. Et cet esprit, c'est tt

30.0 4214.0 1968.0 175.0 simplement celui du commerce qui a dispa¬

28.0 4306.0 1975.0 182.0 ru par les Arabes dans le monde occiden¬

33.0 4425.0 1272.0 189.0 tal et donc aussi en Italie.

30.0 4530.0 1909.0 187.0 Mais il se maintient comme à Venise ds

41.0 4646.0 1903.0 221.0 tous les autres postes byzantins et comme

47.0 4746.0 2084.0 223.0 Venise à demi-grecs de l'Italie Méridionale.

2166 650 1227 180 Liber pontif. Vita Zachar. c.22

2141 754 1341 218 Huynen, Kapit. Vened. p.32 sqq.

2145 866 962 171 Dopsch Karol II 143.

2198 2423 1660 167 Buchner, p. 59 admet l'insignifiance du

2190 2529 1626 129 commerce par les Alpes à cette époque

2149 2613 1600 142 se rapport à celui de la vallée du Rhône

2151 2719 762 117 a l'époque mérov.

2005 2855 1664 166 Cf Fraxinetum qui ferme les choses.
