4090 5080
3420.0 108.0 459.0 220.0 105

103.0 67.0 1918.0 159.0 pire à l'époque des invasions et que les

96.0 152.0 1979.0 175.0 Wisigoths trainèrent avec eux comme les Van¬

114.0 308.0 859.0 139.0 dales et Burgondes.

103.0 374.0 1932.0 175.0 Mais à mesure que le contact se faisait

104.0 493.0 1931.0 172.0 avec l'Empire, cet art "barbare" peu à peu

94.0 575.0 1932.0 188.0 se restreignit au peuple. Les rois et les grands

96.0 671.0 1927.0 172.0 voulurent mieux. Zeiss (Grabfunde) signale

101.0 765.0 1986.0 163.0 que la Tierornamentik a disparu très tôt

105.0 867.0 1966.0 184.0 chez les Wisigoths. Et d'après lui, au VI siècle

115.0 970.0 1954.0 177.0 déjà, la veine proprement germanique de

100.0 1124.0 989.0 126.0 cet art s'est épuisée.

105.0 1206.0 2009.0 182.0 Il n'a pas pu se passer chez les Germains ins¬

104.0 1326.0 2021.0 155.0 tallés dans l'ambiance romaine ce qui est

110.0 1433.0 2021.0 192.0 arrivé chez les Irlandais et les Anglo-Saxons.

105.0 1525.0 1983.0 171.0 Ici, l'art a conservé un caractère national

101.0 1617.0 1967.0 163.0 exactement comme le droit et les institu¬

93.0 1721.0 2018.0 172.0 tions. Il n'a pas été étouffé par l'ambiance.

103.0 1831.0 1946.0 174.0 Mais son influence ne devait se mainifes¬

104.0 1934.0 2029.0 157.0 ter que beaucoup plus tard soit pour les Ir¬

111.0 2039.0 1986.0 162.0 landais au VIe et pour les Anglo-Saxons au

113.0 2144.0 1964.0 199.0 VIIIe siècle. Je crois à ce propos que Bréhier p.59

114.0 2273.0 1966.0 171.0 exagère en englobant dans un même ensemble

99.0 2356.0 2001.0 232.0 "l'art de la Gaule Mérovingienne à celui d l'Es¬

116.0 2483.0 1989.0 196.0 pagne Visigothique, de l Italie des Ostrogoths ou

108.0 2597.0 1986.0 166.0 des Lombards, des pays anglo-saxons et scan¬

103.0 2686.0 360.0 170.0 dinaves".

126.0 2791.0 1962.0 183.0 On a de cet art, d'ailleurs inférieur aux chefs¬

97.0 2904.0 1932.0 169.0 d'œuvre dont il s'est inspiré à l'origine de

124.0 3000.0 1959.0 180.0 l'art sarmate, de très belles pièces comme la

111.0 3101.0 2014.0 181.0 cuirasse de Théodoric, l evangéliaire de Teode¬

98.0 3218.0 2060.0 177.0 linde et les couronnes de Guarrazar. Mais pr

108.0 3333.0 2042.0 188.0 ce dernier, Riegl et Zeiss admettent que c'est

104.0 3439.0 1967.0 176.0 de l'art d'ouvriers romains. Eloi qui a fa¬

104.0 3541.0 1996.0 184.0 briqué diverses œuvres d'art (Brehier, p 56)

107.0 3654.0 2018.0 201.0 est un gallo-romain. On ne peut parler ici d'art

114.0 3768.0 1571.0 196.0 germanique, mais d'art oriental.

122.0 3859.0 2009.0 185.0 Il faudrait démêler là dedans les influences

110.0 3975.0 1967.0 170.0 produites par l'importation massive des or¬

135.0 4065.0 1953.0 195.0 fèvreries, ivoires etc. d Byzance, de Syrie et

122.0 4156.0 2000.0 226.0 d'Egypte. D'après Dawson, p 97 (ed. Angl.) l'art

107.0 4256.0 1950.0 234.0 irano-gothique apporté par les barbares le

126.0 4379.0 1971.0 190.0 cède "en France" et donc avant plus au Sud,

122.0 4482.0 1966.0 197.0 dès le milieu du VIe siècle à l'art Syrien-by¬

122.0 4576.0 2023.0 232.0 zantin de la Méditerranée au point qu'un sa¬

139.0 4711.0 1958.0 201.0 vant scandinave a pu parler de "the deger¬

122.0 4817.0 1540.0 207.0 manisation of Frankisch culture".

2198.0 502.0 1640.0 223.0 Voy. pour les Wisigoths : J Martinez

2136.0 591.0 1874.0 262.0 Santa Golla, Westgothische Archaeologie

2105.0 725.0 1823.0 203.0 ds  Forschungen un Fortschritte 1935, p.123 (je

2084.0 836.0 1855.0 194.0 l ai) Il distingue 3 epoques : gothique av.

2156.0 928.0 1791.0 205.0 500. Wisigothique jusqu'à 600 puis by¬

2094.0 1045.0 1837.0 175.0 zantine où le germanisme a été absorbé

2171.0 1131.0 1743.0 210.0 p le milieu national et méditerranéen.

2586.0 1817.0 1372.0 231.0 Les rois ne conçoivent pas d'autre

2382.0 1927.0 1470.0 233.0 art qui celui de l'Empire. Chilpéric

2366.0 1991.0 1512.0 259.0 fait voir à Greg. d Tours les belles pièces

2317.0 2054.0 1662.0 264.0 d'or que l'empereur lui a envoyées et il lui

2309.0 2158.0 1594.0 252.0 dit qu'il a fait faire un plat d'or et en fera

2277.0 2229.0 1654.0 274.0 faire d'autres, evidement à Constanti¬

2260.0 2322.0 1697.0 260.0 nople, "pour honorer la race de Francs"

2279.0 2416.0 1637.0 306.0 Greg. VI. 2 Cf Fustel, Transformations

2282.0 2665.0 423.0 129.0 p. 19-20.

2305.0 3160.0 1076.0 178.0 à la cathédrale de Monza.
