4090 5056
3621.0 67.0 342.0 291.0 85

181.0 4.0 1973.0 151.0 parait qu'elles sont dues à des monétaires

227.0 84.0 481.0 135.0 merovingiens

172.0 88.0 1953.0 194.0 <..........> (Engel-Serrure I, p.177) Quant

177.0 193.0 1964.0 169.0 au Royaume de Mercie par exemple, plus éloigne,

160.0 273.0 2041.0 177.0 on n'y a trouvé que des monnaies d'argent

156.0 391.0 1981.0 169.0 dont certaines avec des légendes runiques

147.0 505.0 510.0 185.0 (Ibid. p.179).

185.0 551.0 2032.0 236.0 Les rois mérov. ont frappé des monnaies pse¬

160.0 657.0 1990.0 232.0 do impériales dont la série se clôt avec le

160.0 787.0 2019.0 215.0 règne d'Heraclius (610-641) le premier empe¬

168.0 884.0 2007.0 240.0 eur qui ait eu maille à partir avec les A¬

151.0 1053.0 1316.0 177.0 rabes (Prou, p. XXVII-XXVIII).

189.0 1124.0 2028.0 220.0 C'est la nécessité économique qui fait conser¬

177.0 1238.0 1964.0 190.0 ver la monnaie romaine par les barbares.

156.0 1331.0 2053.0 215.0 (Prou XV). Ce sont à certains égards de fausses mon-

168.0 1453.0 1999.0 190.0 naies. Elles se distinguent en général au pre¬

168.0 1550.0 2028.0 206.0 mier coup d'œil du monnayage impérial. En

185.0 1664.0 1990.0 206.0 revanche elles se ressemblent fort entre elles

181.0 1782.0 1923.0 206.0 malgré les Etats. On ne peut souvent dire si

181.0 1891.0 1960.0 207.0 elles ont été frappées par les Wisigoths, les Bur¬

185.0 2013.0 1927.0 199.0 gondes ou les Francs (Prou, p.XVI). Au VIe s. le

185.0 2140.0 1999.0 173.0 monnayage mérovingien se sépare peu à peu

202.0 2220.0 2015.0 206.0 du monnayage romain ( Ibid. XX). Ce qui prouve

185.0 2321.0 2020.0 219.0 bien que l'imitation des espèces romaine était

181.0 2431.0 1952.0 202.0 due au commerce, c'est que cette imitation

202.0 2532.0 1982.0 210.0 du type se conserva à Marseille et dans les

189.0 2645.0 1995.0 220.0 régions voisines plus longtemps qu'ailleurs

172.0 2810.0 574.0 156.0 (Ibid. XXVI).

193.0 2894.0 1940.0 190.0 Les noms des rois francs sur les monnaies est

177.0 3012.0 1956.0 177.0 rare. On le rencontre pour la première fois au

181.0 3101.0 1994.0 185.0 grand scandale de Procope lors de la guerre de Théo-

185.0 3214.0 2011.0 173.0 debert I en Italie contre Justinien en 539-540.

206.0 3332.0 1973.0 169.0 On y rencontre même le mot Victor qui est

172.0 3417.0 2071.0 202.0 d un usage exceptionnel dans la numismatique

185.0 3505.0 2041.0 211.0 romaine (Prou XXXI-XXXII) Ces monnaies étant

193.0 3636.0 2050.0 189.0 beaucoup plus belles que toutes les autres monnaies

177.0 3728.0 2007.0 207.0 franques, Prou (XXXIV) suppose que Theodebert

198.0 3850.0 2011.0 186.0 les a fait frapper pendant son expedition d Italie

193.0 3943.0 2037.0 186.0 ou plutôt qu'elles l'ont été dans les regions qu'il

181.0 4053.0 1965.0 177.0 y a conservées pendant quelque temps après

193.0 4145.0 1991.0 186.0 cette expédition. C'est seulement à partir de

198.0 4251.0 1981.0 198.0 Clotaire II (584-629) que le nom royal se subs¬

198.0 4343.0 1960.0 190.0 titue au nom de l'empereur dans les ateliers

193.0 4445.0 1953.0 185.0 de Marseille, Verviers ,Valence, Arles et Uzés.

202.0 4563.0 1918.0 177.0 La formule Victoria Augustorum y est

202.0 4681.0 1771.0 164.0 remplacée par Victoria Clotarii (XXXIX)

2201.0 1874.0 1792.0 287.0 En Gaule, sous Justin II (565-578) les mo¬

2201.0 1984.0 1770.0 261.0 nétaires en Provence d'abord diminuent la

2268.0 2039.0 1762.0 286.0 valeur des sous de 24 siliques à 21 (Prou,

2243.0 2127.0 1707.0 299.0 Ce sont peut-être là les solidi la XIV)

2217.0 2212.0 1780.0 311.0 Gallicani dont une lettre de Grégoire le Gd

2243.0 2313.0 1792.0 299.0 semble dire qu'ils n'ont pas cours en Italie

2272.0 2540.0 464.0 181.0 (Ibid. N.1.)
