2713 3518
2542.0 8.0 129.0 129.0 29

1155.0 340.0 727.0 158.0 Chapitre "1

1466.0 457.0 109.0 123.0 7

756.0 551.0 1910.0 146.0 pesique ver la Vi li en du Il sécle ls prunees

571.0 630.0 2103.0 146.0 commm on l'a vu plus haut, ne desont pas occupés

563.0 712.0 2117.0 164.0 des colooies maritandes. Abandoinées à elleu¬

1724.0 794.0 252.0 62.0 simple

545.0 791.0 2121.0 179.0 mêmes, celle, cn ont créi iystat et fait auquel

545.0 870.0 2135.0 202.0 manque, aver la consicratin légale, toute garantie

533.0 970.0 2074.0 182.0 sériise de durie. Pour qu'il devienue tlp Etat de

563.0 1078.0 2103.0 162.0 droit, pou que le portus Syteans forme les ville et des

2478.0 1146.0 56.0 76.0 11

554.0 1163.0 2129.0 194.0 tabitant en baugerii, pounque infin, Laveaai into¬

548.0 1266.0 2132.0 191.0 nomire qu'ils se tont dovmée doit officiellement rots

545.0 1360.0 2135.0 196.0 fice et que naibent lls mititutiom qui doivent la

542.0 1477.0 2118.0 155.0 compliter l'intervention des pouvoirs publets est

533.0 1562.0 2147.0 158.0 indispeuarble. Ell est dradtaars en ménrle temps iné

539.0 1665.0 2147.0 152.0 vitable. Car l'intenaité Civissante de la vie ilstaine

542.0 1767.0 2132.0 159.0 la nécessairement attirer l'attention des shuices et

557.0 1864.0 2097.0 170.0 deprrès lors de siecl on sictle, leurs rapports aves les

536.0 1958.0 2174.0 176.0 Ailles Ne cencoont plus de se mulsiplier et de se compliquee

674.0 2055.0 2021.0 190.0 En générel dans le Payr. Bas, le prinles loïques Ceur

539.0 2187.0 2144.0 161.0 fuvent plus favorables que la peinces cccléciastiques

562.0 2269.0 2123.0 154.0 Et il cet tris comprétemint le qu'il en ait étéanisi. Le cous¬

551.0 2359.0 2123.0 159.0 de Flandre de Rainant, d Holland. Ces ducs de Bratans

547.0 2474.0 2159.0 144.0 Coaae d Ailleurs toute la tante dus tocratie du moyta

542.0 2568.0 2127.0 152.0 tr age n'étaient point sidentaises. Ils n'avaient pas

548.0 2673.0 2132.0 147.0 de résidence fixe et <..> se déplacaient contimnt¬

539.0 2758.0 2141.0 150.0 Lemert, avec leur putiticoier, à travers lem terre. Nn se

533.0 2846.0 2147.0 161.0 trouvant point en contart permanent avec la papulg

527.0 2946.0 2153.0 149.0 tin vertaine, ils eurent dovc auais peu Loccasiom s'en¬

533.0 3060.0 2127.0 129.0 tier en conflit Avec elle. <.......... ...........>

527.0 3163.0 2121.0 138.0 Haute ................. <...

545.0 3245.0 2141.0 164.0 <............ ..... ...t Anant le IoIi berle, la

105.0 539.0 123.0 164.0 8
