2713 3531
564 47 2043 117 au moins contemporaine de la <......> de

2018 23 409 88 formation

576 161 2075 106 l'inderstrie locale et il serait donc inepact de la

582 264 2063 97 considérer comme appartenant à un stade pos¬

579 341 2045 123 térieur de l'évolution économique. En réalète

582 444 2013 103 les deux systèmes aux quels l’une et l’autre ont

594 538 2063 97 donné naissance remontent à la meme époque

588 635 2033 97 et l'économie urbaine nous pesente, côte à cô̂te

591 735 2045 97 dans les pays ou elle atteint son l'éveloppement

591 823 2010 100 complet, <> les modalités difjérentes de la

582 918 2045 103 petite indrestrie locale et de l'industrie d'expor¬

603 1026 1918 89 tation au s l'on vent, de la geande industrie

691 1115 1971 100 C'ast par le nombre de leurs membres que les ouvro¬

588 1203 2086 91 ers adonnér à <.......> celle-ci se différencient

614 1279 2013 109 le plus nettement des autres métiers urbains.

603 1374 2045 97 L'industrie d'exportation, dont le métier est in¬

620 1468 2028 91 défimment extengible et la produstion soujurs

623 1556 2039 103 grandissante peut nourrir des masses dhom¬

600 1647 2057 106 mes, et, dès le XIIe siècle, il est sur que, de tous côtés

617 1730 2051 117 ils affluent vers elle (1). On ne possède malheuren

612 1833 2045 100 sement aucuné <...> avant le commen¬

1356 1815 383 62 donnée, sûre,

609 1927 2042 112 cement du XIVe siècle. Mais, dès cette époque ou

600 2027 2033 115 peut constater que Gand renfermait euviron

617 2127 2031 100 sons terserands chipfre énorme p l'on songe que la

617 2236 2048 88 <. la ville ne <...> certaine

1933 2183 373 76 dsportait

620 2315 2031 106 meut pas alors 50000 habitants. On ne peut douter

1182 2283 200 82 plus de

632 2406 2013 106 que, sans les grandes villes flamandes les artisans

626 2504 2045 100 de la draperie, avec leurs femmes et leurs enfants, n'alent

623 2580 2025 118 formé la majeure partie de la population. L'équititre

635 2680 2033 112 que présentent les villes médiévales du type courant

626 2777 2007 115 ente les diverses professions est ici complèhements

626 2883 1954 97 rompre à l’avartage de l’une d'elleset l'on se

629 2977 2031 97 trouve en face d'une situation qui rappelle de très

623 3060 2045 106 près celle des centres manufacturiers de notre é¬

632 3142 2010 118 poque. de fait suivent suffit à le prouver. A Ypres

2530 32 68 85 9)

653 3319 2039 123 (1) Voy. plus haut, p. ce que nous avons dit de l'ébor¬

647 3407 1792 106 dance des tisserands urbains ses cette époque
