2713 3482
601 55 2051 113 pergétier diffésentes dans le détail. mais au foids

601 124 2062 128 le spectacle est parbout <.> identique. Comme la

583 206 2042 133 féodalité, les constitutions urbaines seut le résultat

586 295 2095 122 d'une situation sociale indépendonte ses races, des lar

586 377 2083 133 ques et des frontières. Lans doute, les diversités indi ci suelles

592 458 2080 131 sont niombrables mais elles ne doivent pas faire illu¬

578 542 2076 136 sion. A y regarder de près, on voit très bien qu’il existe des

537 635 2120 125 "familles" de villes, mais on remarque aussi que ces

575 719 2071 136 familles s’étendent indiffiremment en deça et

578 812 2076 128 au delà des frontières tracées sur la carte de l'Europe.

586 896 2066 134 Elles ne sit déterminées ni par l'éthesographie ni

589 980 2086 148 par la politique. Cologne, Mayence et Worrus sont

580 1064 2077 154 plus étroitement apparentés à Géuns, à Royon,

580 1143 2101 159 à Lavs à cambrai, qu’a Magddebourg des à Lubeche

575 1250 2111 136 Lille et Arras, dont la population est purement ro¬

566 1326 2117 168 mane sont les seurs de Gand et de Bruges, dont la

569 1427 2106 163 population n'es pas moins purement germanique

578 1497 2103 174 et remproquement, il y a biaucoup plus d'affinité entre

566 1578 2129 186 Liège e Vitrecht qu’entre Utrecht et Ansterdan. Ce sont

569 1682 2123 157 des circonstancés spéciales : l’emplacement géngrophé¬

589 1772 2097 163 que, la <.> particuliés du commerce ou de l’indus¬

929 1796 221 61 geire

569 1865 2103 151 trie de chacuve d'elles, la nature des relations qu’elles

580 1955 2106 142 avaient avec leurs princes qui ont imprime a l'évi¬

578 2028 2085 177 lution <> les traits <..> qui la distui¬

941 2054 290 84 dis villes

592 2118 2089 162 quent dans les diverses régious. Mais la diversité

1315 2208 607 78 ne provient pas

592 2208 2089 177 qu'elle piesente <. > d'une diversité de

580 2286 2086 163 nature. Partout, le point de départ doit être cherché́

578 2399 2079 151 dans les causes economiques dont la bomgeoisie n'est

572 2480 2109 137 les somme q'une résultante. Plus ces causes ont été ac¬

563 2559 2118 162 trves, plus est visible l’action qu’elles ont exercée Moins

572 2657 2106 137 elles ont éte entravées dans leur expassson et plus auss

566 2733 2097 165 les constitutions urbaines se présentent sous leur for¬

560 2829 2103 153 me la plus prureet, si l'on peut aini dire, la plus clas¬

589 2921 2039 146 sique. Oril en a été ansi dans les Pays-Bas <...>

746 3029 349 72 s pécialeument

575 3014 2100 145 <.....> en Flandre. Plus actèverment adom¬

566 3119 2117 127 rès au commerce et à l'industrie que les antres contren

563 3212 2112 133 situées au Nord des Aljus, ces régions no permettent

578 3290 2100 139 d'étudier, dans de conditions partubièrement fa¬

2532 23 99 69 26
