2713 3501
277 411 178 125 le lign.

581 70 2094 113 circonscription judeciaire, la ville est dans toute la force

581 163 2076 84 du terme une circonseription de droit public. A ce points de

575 236 2111 96 vue, elle d'oppose aussi nettement qu’il est possible aux peride¬

589 315 2074 84 tions seigneuriales, et c'est <.....> trompés par les ap¬

589 393 2062 88 pareces que certagns auteurs ont pu voir en elle uni seignen

572 466 2038 105 riecollutive". <..> l'imnité urbaine s'est constituie

1229 449 155 55 d plus

575 545 2094 105 d'une manière très partinmeère. Elle n’est que la coméquence et

575 621 2059 108 le corollaire du droit urbain. Dans l’immunité seigneuriale

572 700 2062 111 l'exemption du territare <..> à l'égard de l’Etat est le

572 784 2105 108 fait pruimitif et essentiel, dans l’emmiité urtaine, de est

2485 767 128 70 elle

569 860 2114 102 le fait secondaire et dérivé. De même que le clergé <....>

557 930 2112 108 <......> dhe la n'oblesse ont oliteneex leurs tribemaux

549 1015 2149 111 particuliers parce qu’'ils vivaient sous un droit particeli

560 1088 2042 116 de même les bourgeoisies ont acquis leurs juges <...>

551 1164 2118 119 speceaux parcequ’elles possédaient un droit spécial <>

549 1245 2120 117 <.... ..... ..>

551 1312 2121 126 <.. ...> Et l'on comprend tout de suite

572 1391 2103 129 que cette acquisition <..> marcher de pair avec la trans¬

1430 1391 138 64 dut.

554 1470 2100 125 formation de la ville en circonscription judiciaire. C'est que

543 1555 2123 116 les jraticiables des cours frodales et des cours d Eglise se trou¬

546 1645 2126 90 vent, éparpilles à travers la société, tandis que les bourgeonns

540 1730 2111 102 sont massés en des points géogrophiques nettement détes¬

534 1814 2120 82 minér. A la diffirence des autres ordpes, de la nation, ils <.

554 1887 2126 111 constituent des groupements locaux et dès lors, la juridiction

551 1972 2112 122 <.... ... ... ...>

549 2053 2120 114 <. du droit urbain sera nécéssairement un pu¬

537 2123 2123 129 ridiction locale, puisque le droit urbain est, en fait, un droit

543 2223 1363 111 local. Sou domaine est circonserit par

1874 2228 798 76 l'eureinte des murs g

537 2334 2105 81 <.....> parceque, en dehors de l’enceinte des murs, s'éva¬

554 2398 2062 78 nouit le droit urbain. Les lninites lui sont <...> par

2105 2380 231 67 imposles

549 2471 2096 113 celles de la récidence même des hommes qu’elle régit. Ainsi

546 2561 2123 120 l'imminité urbaine apparait avec une orignalité fappante

554 2640 2106 128 le constitue un phévomène nique en son geure et, quelles que

537 2722 2111 119 soient ser analages de formes avec les immumités voisiues, elle

537 2815 2123 108 diffère d'elles profondément par <...> ses caractères

540 2888 2105 122 intimes. Une fois de plus elle <...... .. .. ...>

534 2964 2111 128 <.. ... .. ..... . .......>

528 3054 412 96 <..

93 2555 333 132 ue a sons

128 2678 272 76 que toute

113 2730 339 79 résation ur¬

154 2780 257 96 du moyen

122 2850 324 90 explique par

116 2888 371 105 ditions mend

113 2964 386 81 existence des

116 3037 164 81 geois

2572 52 65 67 46

528 3174 2094 99 immmnitaire et rectercher dans quelle mesure les élements privés y

528 3253 2109 72 ont été armalgaines aux clément publics, sus cette quistion, voir

540 3317 1837 122 G. Seeligu, die sosiale Bedentung des Grendtherrsitaft.
