2713 3514
928 210 750 179 Chapitre. VII

521 389 2068 146 Les gilles sous le gouvenements dems¬

1054 547 522 123 Cratique

1227 855 205 96 Io

583 1007 2053 137 Li l'on compare les densraties mumicipales de l'au¬

489 1130 2127 117 tiquité avec celles du Moyen âge, on aperçoit tont de sente

509 1238 2107 111 qu'il existe entre et les une différence très sencible. Les pre¬

483 1341 2147 102 ières ont pour soubien l’Etat li même : elle s'étendent

498 1434 2103 120 à tous ses habitants, qu’ils <.> ses ville ou hors ville¬

1500 1411 325 64 résident

495 1546 2112 111 A Afhene par exemple, iron les deux, tiers des citoyens

500 1622 2110 120 vivent a la campagne. Ou contraire, dans be commnes

495 1718 2106 112 médievales, les ins titutions démocratignes créées par la

486 1809 2089 123 bourgevise n'ont focctionné qu'à son avantage exchiofts

512 1906 2089 96 Elles se restreignent à la bailieue urlaine et restent

503 2000 2069 105 complètement strangères aux paysans du plat-pays. Les

506 2120 2119 82 gouvernements <.> prisente un caractère aussi lor¬

1072 2061 375 73 régis parelles

500 2199 2072 108 tement citadin que les gouvernement <.a p.t....> ou n'y

495 2284 2118 131 surprend pas la moindre trace de cet esprêt de prosélytis¬

492 2389 2159 135 me nideleur, indiff erent aux groupements sociaux comme aux

500 2494 2151 141 classes juridiques, que le spectacle des démorahies modernes nous

498 2591 2106 141 a babitués à consisèrer comme intèrents à tout régime

492 2688 2136 140 populaire. Sans doute, il est arrivé <..........> que les vil¬

498 2805 2124 123 les aient cherché à s'appoyer sur les compagnes, foumenté ou <..>

498 2899 2118 120 entreteve des révoltes parmi la population rurale. Mais

506 2995 2081 114 ce sont là des excptions assez rares et qui n'ont point donné

498 3104 2124 108 de résoltats duvables. A tout prendre, ce n'est qui par l'insti¬

509 3197 2086 126 sutien de la bouegeoioie foraine que la politique municipale

509 3300 2133 114 s'est infiltrée dans une certaine mesure <......> a l'ex¬

2443 26 126 102 153
