2713 3483
519 37 1880 125 d'exposer, ...> l'intervention du

519 148 2103 104 prince dans le recrutement des conseils muumi cipaux

522 223 2080 128 <..> perdit toute efficacité. Li'elle persèste en principe, ce

519 325 2121 119 n'est plus que comme une pure forme dont ou ne tient

525 426 2132 113 auven compte dans la pratique. En réalité, sous le gou¬

525 534 2112 90 voinement des patricieus, les villes sont presque comple¬

522 612 2074 113 tement indépendantes du pouvoir territorial. Le

543 702 2103 116 baille ou l'amman du prince coutinue bien, <.....>

534 815 2126 119 a y représenter l’autorité du seigneur de la terres. Mai

540 922 2094 119 que peut cet unique fonctionnaire contre la puissante

534 1027 2054 116 aristocratie qui, pleine de confiance en soi-même

540 1129 2045 119 pretend gouverner à sa guise et qui d'ailleurs, s'il

534 1230 2100 105 dlivient yenant à toijours la ressource de le cor¬

537 1320 2051 113 rompre à juix s'or ? <.. . > praut au

534 1410 2141 122 prince, la seule otlitude qu'il ait à prendre, et qu'il prend

534 1506 2126 104 en effet, c'est la patience ou, la résignation <.> Car lui aus

1132 1578 163 73 ces

1554 1573 302 81 <....>

1888 1584 197 64 échevins

528 1619 2106 93 si dépend de <..>opulents <.....> ni administr<<>

627 1677 110 67 e

749 1677 90 58 ses

1565 1680 145 76 <..

1739 1680 114 67 leur

534 1718 2077 87 <> villes comme si elles, <.> appartenaient, ses conti¬

1443 1779 413 72 l abbjyent é

543 1808 2129 104 nuels besoins, dargent, <...> recourer sans cesse à <..>

2527 1785 130 81 <...>

1002 1860 104 81 Ils

1141 1863 90 72 .

1353 1869 119 78 <...>

1484 1869 110 66 sait

418 1895 2231 122 laus bour offices. <. lui <...> indis s ensablef pour garan¬

531 1999 2071 102 tir les emprounts qu’il contracte chezi les Lombards.

543 2095 2106 93 Souvent même el <...> damande directement les

1455 2072 157 70 lour

534 2182 2115 122 sommes qui lui font défaut - et il les obtient tujours¬

537 2281 2115 113 La toute bourgeoisie n a garde de lui refner des sub¬

537 2403 2077 90 tides qui sont la garantie de l'indépendance dont

543 2487 2091 119 elle jouit. Elle est d'autant plus disposée à la faire que

546 2606 2120 102 sa générosihé ne lui conte rien.Car dirig eaut à son

572 2693 2088 105 gié l'admmistration financière des villes, elle n'a¬

572 2786 2056 113 qu'à pruiser dans le trésor communal ou si l'aven¬

566 2885 2065 116 ture il est vide elle n'a qu'a frapper un impôt dur

563 2995 2080 99 le commu pour satisfaire ux les d'esois ds prince

578 3062 348 75 garantir

560 3088 2031 113 <..> au prix de la fortne publique <.....> la

563 3186 1464 122 situation privilégiée qu'elle occupe.

615 3256 1981 142 <.... > Mais, hatous nous de le dire, si le

2451 31 90 119 11)
