2713 3450
537 83 2138 118 de sujete de plaîte, comervèrent leurs nistitutions

537 198 2129 106 anci ennes. Les"membres" des commmunes babar¬

526 319 2140 115 connes cousèrent encore bien des soucisaux gouver¬

535 408 2051 129 nautes. Elles en vvrent à bout par des"actes le

1498 494 374 49 sauvenir du

537 520 2066 138 comprétension" que le châtrment, des Gautois fit

517 612 2115 149 tolérer, crainte de pire. L'absolutisme n'était pas

529 727 2146 135 assez pussant pour tout s'asseroir. Il ne détrui¬

520 828 2141 146 sait les privi lèges <.....> que d'il pouvait invoquer

535 922 2137 147 ne sa faveur la terrible loi de lise-majesté. Mais des

529 1029 2120 135 tendances n'étaient douteuses pour personne et

532 1132 2111 141 le franchèses qu'il laissa subsister pour ne pas violer

555 1224 2103 158 la tradition ne pouvaient plus constituer un sé¬

549 1331 2126 152 ri euxobtacle à les progrès, <... nel n’égnorant

558 1434 2039 138 que toute tentative <..> de les faire valoir

558 1532 1864 144 contre lui serait le signal de leur abolition

2462 0 184 117 213

586 3107 2083 113 (1) On appelait arusé une décision gouvernementale

595 3205 2080 107 eéclarant qu'un impôt vôté par la majorité était

584 3289 1544 97 sensé accepté aussi par la minorité.
