2713 3374
636 64 2015 132 odieux à la majorité cattalique qu'à la minorite

630 168 2046 118 protestante. Les impôts du 10 et du 203 deniers, imités des

616 258 2043 113 Alealahas castillans et que le duc pr étend imposer aux

616 354 2054 104 provinces pour qu'elles paient d'ésormais elles mêmes l'entre

619 427 2068 124 tien des troupes qui les asservissent, soulève <.....> une

613 528 2071 96 résistance <. ...... ...>

1046 489 313 78 passivre

616 607 2063 118 mais indomptable. <..> les face de leurs garnisons espagno

621 686 2041 129 les, les villes savent que le recours aux armes n'aurait

607 773 2030 123 d'autre résultat que d'inutiles massacres. C'est à la

633 857 2060 141 grève .....> générale qu'elles ont recocers. Les artisans ferment

613 944 2035 132 leurs boutiques; les vendeurs désertent les halles; la vie

613 1043 2052 112 economique est su pendue et le texcible duc <..>

610 1138 2043 110 devant cette muchte protestation de tout un peuple s'a¬

619 1214 1573 118 bandonne à d'impuissants accés de rage.

686 1332 1984 101 C'est au milieu de cette situation <... ..  >

1542 1284 143 62 III

613 1408 2071 121 <...> qu'un hardi coup de maie fait touber la petite

610 1492 2080 130 place de La Brielle le au prouvoir des Gueux

602 1571 2088 127 de mer, Aussitôt, toutes les villes voisiues <... ....>

1243 1563 121 59 drles

610 1653 2060 140 <........ .... .....>

602 1743 2065 138 <. .. > dont les garnisons sont absentes, <......>

607 1850 2066 115 <.. <... .. .. .. .> le peuple s’insur

596 1931 2074 124 ge ouvre les portes aux libérateurs, <...> les magistrats¬

1967 1917 208 73 dépose

596 2004 2080 132 <..... ..> Les calvmistes pronnent la tite du mouvr¬

605 2083 2034 157 ment. S’appuyant sur <..> le prolétariat, sur les pécheurs.

596 2187 2094 132 sur la foule de pauvres gens que les nouveaux impôtsont

596 2271 2094 141 redent au dèses poir, ls <.....t tourner au profit de leur

605 2356 2074 152 foi la situation politique. <....> Ees quelques semai¬

588 2451 2088 130 nes, tous les bainis que la tyrannie d’Albe a chassé des pro¬

593 2536 2080 143 vinces, tous les protestants qui ont préféré l'exil à̀ l'abjira

605 2617 2065 132 tion, afbluent sur les côles de hélande. <.........>

593 2704 2077 135 <............  . ..> des Hugueuots pauçais vien

591 2789 2085 137 neut grossir leurs rangs. La couvection religieuse, la taine

599 2862 2074 160 du papisme, la taine de l’Espaguol, le courage farouche

588 2977 2065 132 enfin de gens qui n'out plus rien à perdre que la vie fout de

593 3070 2072 135 cette <....> masse héteragène, cos mopolite la plus redon¬

599 3171 2049 124 table des années pourou qu'elle trouve un chef. Et ce chef

1716 3143 79 62 et

135 1200 208 138 413

2538 42 115 112 91
