<?xml version="1.0" encoding="UTF-8"?>
<alto xmlns:xsi="http://www.w3.org/2001/XMLSchema-instance"
      xmlns="http://www.loc.gov/standards/alto/ns-v4#"
      xsi:schemaLocation="http://www.loc.gov/standards/alto/ns-v4# http://www.loc.gov/standards/alto/v4/alto-4-2.xsd">
  <Description>
    <MeasurementUnit>pixel</MeasurementUnit>
    <sourceImageInformation>
      <fileName>ARCH-DIV-000494_0137.png</fileName>
      <fileIdentifier>mets//export_doc14_arch_div_000494_alto_202506020830.zip/ARCH-DIV-000494_0137.png</fileIdentifier>
    </sourceImageInformation>
  </Description>
  <Tags>
    <OtherTag ID="BT1" LABEL="Title" DESCRIPTION="block type Title"/><OtherTag ID="BT2" LABEL="Main" DESCRIPTION="block type Main"/><OtherTag ID="BT3" LABEL="Commentary" DESCRIPTION="block type Commentary"/><OtherTag ID="BT4" LABEL="Illustration" DESCRIPTION="block type Illustration"/><OtherTag ID="BT57" LABEL="TitlePageZone" DESCRIPTION="block type TitlePageZone"/><OtherTag ID="BT58" LABEL="MarginTextZone" DESCRIPTION="block type MarginTextZone"/><OtherTag ID="BT59" LABEL="MainZone" DESCRIPTION="block type MainZone"/><OtherTag ID="BT60" LABEL="NumberingZone" DESCRIPTION="block type NumberingZone"/><OtherTag ID="BT61" LABEL="MarginTextZone:low" DESCRIPTION="block type MarginTextZone:low"/><OtherTag ID="BT62" LABEL="CustomZone:numbering" DESCRIPTION="block type CustomZone:numbering"/><OtherTag ID="BT77" LABEL="text" DESCRIPTION="block type text"/><OtherTag ID="BT78" LABEL="MarginTextZone:lower" DESCRIPTION="block type MarginTextZone:lower"/>
    <OtherTag ID="LT40" LABEL="HeadingLine" DESCRIPTION="line type HeadingLine"/><OtherTag ID="LT41" LABEL="DefaultLine" DESCRIPTION="line type DefaultLine"/><OtherTag ID="LT42" LABEL="InterlinearLine:correction" DESCRIPTION="line type InterlinearLine:correction"/><OtherTag ID="LT43" LABEL="InterlinearLine:addition" DESCRIPTION="line type InterlinearLine:addition"/><OtherTag ID="LT44" LABEL="default" DESCRIPTION="line type default"/>
  </Tags>
  <Layout>
    <Page WIDTH="2713"
          HEIGHT="3476"
          PHYSICAL_IMG_NR="132"
          ID="eSc_dummypage_">
      <PrintSpace HPOS="0"
                  VPOS="0"
                  WIDTH="2713"
                  HEIGHT="3476">
        <TextBlock HPOS="589.0"
                   VPOS="20.0"
                   WIDTH="2118.0"
                   HEIGHT="3431.0"
                   ID="8af06038-9f34-49ab-82fd-b16120e928ff"
                   TAGREFS="BT59">
          <Shape><Polygon POINTS="2426 143 2707 151 2707 3439 589 3451 593 884 685 880 685 879 685 833 593 829 595 24 2389 20"/></Shape>
          <TextLine ID="eSc_line_8f029c9a"
                    TAGREFS="LT41"
                    BASELINE="626 136 2359 92" 
                    HPOS="617"
                    VPOS="37"
                    WIDTH="1739"
                    HEIGHT="119">
            <Shape><Polygon POINTS="623 133 623 156 2356 115 2356 89 2350 49 2101 40 1979 55 1939 57 1915 43 1907 43 1811 60 1724 37 1715 37 1611 69 1423 72 1373 46 1144 52 1144 55 1130 66 1107 52 1092 52 1043 84 898 84 855 63 846 63 779 86 744 60 736 60 617 75 623 133"/></Shape>
	    <String CONTENT="des armes voire même de sortir dans les rues"
                    HPOS="617"
                    VPOS="37"
                    WIDTH="1739"
                    HEIGHT="119"
                    WC="0.9943562922152606"></String>
          </TextLine>
          <TextLine ID="eSc_line_ad227adb"
                    TAGREFS="LT41"
                    BASELINE="628 234 831 217 2672 179" 
                    HPOS="623"
                    VPOS="141"
                    WIDTH="2046"
                    HEIGHT="128">
            <Shape><Polygon POINTS="2420 141 1881 141 1846 156 1715 144 1570 162 1440 150 1431 150 1411 165 1321 153 1028 173 892 162 623 182 626 269 724 266 773 243 973 260 1037 234 1127 249 1133 249 1173 231 1310 246 1342 228 1779 243 1843 220 1985 240 2266 208 2457 208 2498 225 2510 225 2530 211 2666 211 2669 176 2663 150 2652 150"/></Shape>
	    <String CONTENT="pounons des lourds outils de bur professiou. Il leur"
                    HPOS="623"
                    VPOS="141"
                    WIDTH="2046"
                    HEIGHT="128"
                    WC="0.9970872081243075"></String>
          </TextLine>
          <TextLine ID="eSc_line_44a8599d"
                    TAGREFS="LT41"
                    BASELINE="617 318 2640 289" 
                    HPOS="611"
                    VPOS="231"
                    WIDTH="2026"
                    HEIGHT="125">
            <Shape><Polygon POINTS="614 315 614 338 814 356 1147 333 1223 350 1272 330 1344 347 1457 327 2028 338 2127 318 2176 330 2266 315 2295 333 2304 333 2634 315 2637 286 2631 249 2507 231 2498 231 2478 249 2292 240 2133 254 2104 254 2023 237 1979 257 1927 240 1915 240 1889 257 1776 243 1747 260 1681 249 1539 263 1417 246 1188 269 1040 252 1008 272 828 254 805 275 785 257 611 272 614 315"/></Shape>
	    <String CONTENT="est défendu de se rassembler à plus de sept, de se"
                    HPOS="611"
                    VPOS="231"
                    WIDTH="2026"
                    HEIGHT="125"
                    WC="0.9952844214439392"></String>
          </TextLine>
          <TextLine ID="eSc_line_ce1f6c72"
                    TAGREFS="LT41"
                    BASELINE="614 417 1342 399 2663 393" 
                    HPOS="608"
                    VPOS="341"
                    WIDTH="2052"
                    HEIGHT="99">
            <Shape><Polygon POINTS="611 414 611 440 2660 425 2660 391 2655 344 1857 341 1855 341 1817 344 1730 356 1631 347 1582 341 1579 341 1542 347 1457 359 1385 347 1368 344 1365 344 1336 347 1197 362 970 347 944 347 942 347 939 347 936 347 936 350 918 364 608 350 611 414"/></Shape>
	    <String CONTENT="reunir pour tout autre motif que le bien du mé¬"
                    HPOS="608"
                    VPOS="341"
                    WIDTH="2052"
                    HEIGHT="99"
                    WC="0.9956671684346301"></String>
          </TextLine>
          <TextLine ID="eSc_line_252f25ca"
                    TAGREFS="LT41"
                    BASELINE="611 515 1727 495 2634 498" 
                    HPOS="605"
                    VPOS="446"
                    WIDTH="2026"
                    HEIGHT="104">
            <Shape><Polygon POINTS="608 512 608 550 802 532 898 547 904 547 907 547 910 547 913 547 939 527 1127 538 1130 538 1339 524 1457 538 1501 544 1504 544 1507 544 1527 538 1579 521 1718 521 1768 535 1791 541 1794 541 1797 541 1799 541 1826 532 1875 518 1921 532 1939 538 1941 538 1944 541 2066 541 2066 538 2069 538 2072 538 2081 530 2089 524 2118 530 2147 535 2150 535 2185 530 2252 515 2388 527 2481 532 2484 532 2628 521 2631 495 2626 446 605 463 608 512"/></Shape>
	    <String CONTENT="tier. Se mettent-ils en grève, ou prodique contre ux les"
                    HPOS="605"
                    VPOS="446"
                    WIDTH="2026"
                    HEIGHT="104"
                    WC="0.9921778493693897"></String>
          </TextLine>
          <TextLine ID="eSc_line_a42bf7b1"
                    TAGREFS="LT41"
                    BASELINE="614 614 1434 596 2675 599" 
                    HPOS="608"
                    VPOS="538"
                    WIDTH="2064"
                    HEIGHT="102">
            <Shape><Polygon POINTS="611 611 611 631 1205 640 1208 640 1243 631 1289 619 1953 619 2214 631 2272 634 2275 634 2304 631 2455 616 2484 631 2486 631 2489 631 2492 631 2608 616 2666 631 2672 596 2666 538 2521 553 2431 541 2411 538 2408 538 2405 538 2402 538 2399 541 2379 559 1881 559 1846 550 1811 541 1808 541 1744 550 1681 559 1513 553 1243 544 1240 544 1142 559 1115 561 1043 559 678 547 675 547 672 547 608 564 611 611"/></Shape>
	    <String CONTENT="châtiments les plus sévères : le bannissement la mort,"
                    HPOS="608"
                    VPOS="538"
                    WIDTH="2064"
                    HEIGHT="102"
                    WC="0.9840579518565425"></String>
          </TextLine>
          <TextLine ID="eSc_line_6d620a4f"
                    TAGREFS="LT41"
                    BASELINE="614 712 2660 695" 
                    HPOS="608"
                    VPOS="637"
                    WIDTH="2049"
                    HEIGHT="101">
            <Shape><Polygon POINTS="611 709 611 738 2655 715 2657 692 2649 637 2144 651 2104 637 2092 637 2066 654 1892 654 1742 640 1675 654 1646 640 1637 640 1594 657 1513 643 1431 657 1165 645 1107 660 947 645 904 663 655 648 608 666 611 709"/></Shape>
	    <String CONTENT="Depries 1V12 &lt;.... . ... .. .nons"
                    HPOS="608"
                    VPOS="637"
                    WIDTH="2049"
                    HEIGHT="101"
                    WC="0.9294404315226006"></String>
          </TextLine>
          <TextLine ID="eSc_line_f377fb43"
                    TAGREFS="LT42"
                    BASELINE="2164 744 2469 748" 
                    HPOS="2159"
                    VPOS="703"
                    WIDTH="307"
                    HEIGHT="61">
            <Shape><Polygon POINTS="2162 741 2159 764 2463 761 2466 747 2463 703 2162 703 2162 741"/></Shape>
	    <String CONTENT="&lt;"
                    HPOS="2159"
                    VPOS="703"
                    WIDTH="307"
                    HEIGHT="61"
                    WC="0.9989270567893982"></String>
          </TextLine>
          <TextLine ID="eSc_line_fa11afc3"
                    TAGREFS="LT41"
                    BASELINE="614 808 2669 782" 
                    HPOS="608"
                    VPOS="741"
                    WIDTH="2058"
                    HEIGHT="107">
            <Shape><Polygon POINTS="2463 747 2434 747 2405 747 2376 747 2347 747 2318 747 2304 744 608 764 611 805 614 848 663 828 817 845 823 845 826 845 837 845 1092 822 1304 837 1307 837 1530 816 1597 834 1599 834 1602 834 1733 819 1779 831 1782 831 1785 831 1788 831 1791 831 1817 813 1999 828 2002 828 2005 828 2069 813 2188 828 2205 828 2208 828 2211 828 2217 828 2286 808 2333 825 2336 825 2339 825 2663 819 2666 779 2657 741 2463 741 2463 747"/></Shape>
	    <String CONTENT="voyons se conmlure des leques urbaines &lt;.. ..&gt;"
                    HPOS="608"
                    VPOS="741"
                    WIDTH="2058"
                    HEIGHT="107"
                    WC="0.9630841768306234"></String>
          </TextLine>
          <TextLine ID="eSc_line_57446d84"
                    TAGREFS="LT41"
                    BASELINE="617 906 1994 880 2672 886" 
                    HPOS="611"
                    VPOS="828"
                    WIDTH="2058"
                    HEIGHT="96">
            <Shape><Polygon POINTS="669 880 640 880 611 883 614 903 614 924 2669 909 2669 883 2663 837 2066 842 2063 842 1892 828 1889 828 1315 851 1255 837 1252 837 1249 837 1246 837 1197 854 1055 840 1052 840 1049 840 1046 840 1023 857 834 842 831 842 828 842 782 863 675 863 669 880"/></Shape>
	    <String CONTENT="l&#x27;extrodition des artisans fugitifs, su peits ou compables"
                    HPOS="611"
                    VPOS="828"
                    WIDTH="2058"
                    HEIGHT="96"
                    WC="0.9931158279550487"></String>
          </TextLine>
          <TextLine ID="eSc_line_b1129ca4"
                    TAGREFS="LT41"
                    BASELINE="608 993 1872 970 2666 970" 
                    HPOS="602"
                    VPOS="918"
                    WIDTH="2061"
                    HEIGHT="95">
            <Shape><Polygon POINTS="605 990 605 1013 2660 993 2663 967 2657 918 602 944 605 990"/></Shape>
	    <String CONTENT="de conspiration. La hase des XVI1 villes, cette vaste associa¬"
                    HPOS="602"
                    VPOS="918"
                    WIDTH="2061"
                    HEIGHT="95"
                    WC="0.997578542078695"></String>
          </TextLine>
          <TextLine ID="eSc_line_08aabec7"
                    TAGREFS="LT41"
                    BASELINE="608 1089 2666 1068" 
                    HPOS="602"
                    VPOS="1013"
                    WIDTH="2061"
                    HEIGHT="116">
            <Shape><Polygon POINTS="605 1086 605 1115 655 1129 663 1129 730 1106 1081 1103 1153 1126 1162 1126 1226 1103 1342 1118 1368 1112 1388 1103 1469 1123 1481 1123 1510 1100 1626 1097 1707 1121 1886 1118 1913 1100 1999 1118 2153 1092 2214 1106 2228 1106 2376 1089 2524 1112 2663 1100 2663 1065 2657 1028 2370 1016 2339 1031 2327 1031 2286 1019 2063 1034 2011 1034 1863 1013 1663 1037 1631 1016 1527 1016 1475 1039 1211 1028 1179 1042 1173 1042 1127 1022 1026 1022 921 1042 657 1025 602 1045 605 1086"/></Shape>
	    <String CONTENT="tion de centres mannfacturiers formée au commence¬"
                    HPOS="602"
                    VPOS="1013"
                    WIDTH="2061"
                    HEIGHT="116"
                    WC="0.9907877826690674"></String>
          </TextLine>
          <TextLine ID="eSc_line_24a07263"
                    TAGREFS="LT41"
                    BASELINE="611 1184 2628 1152" 
                    HPOS="605"
                    VPOS="1097"
                    WIDTH="2021"
                    HEIGHT="122">
            <Shape><Polygon POINTS="608 1181 608 1205 968 1219 1118 1216 1162 1199 1342 1213 1585 1193 1689 1207 1727 1190 2069 1202 2084 1184 2440 1196 2626 1176 2626 1149 2617 1097 1492 1129 1382 1115 1333 1132 1223 1118 1139 1135 1020 1121 785 1141 646 1126 605 1141 608 1181"/></Shape>
	    <String CONTENT="ment du IIII 2 tiècle, semble n’avoir plus d&#x27;autre biit"
                    HPOS="605"
                    VPOS="1097"
                    WIDTH="2021"
                    HEIGHT="122"
                    WC="0.9950800798156044"></String>
          </TextLine>
          <TextLine ID="eSc_line_838099e1"
                    TAGREFS="LT41"
                    BASELINE="617 1286 1492 1277 1982 1254 2689 1254" 
                    HPOS="611"
                    VPOS="1205"
                    WIDTH="2075"
                    HEIGHT="118">
            <Shape><Polygon POINTS="614 1283 614 1323 794 1300 1075 1317 1092 1315 1159 1294 1292 1315 1301 1315 1321 1297 1373 1312 1756 1309 1863 1306 1892 1286 2168 1294 2197 1289 2226 1277 2686 1274 2686 1251 2684 1213 1776 1205 1747 1228 1718 1207 1707 1207 1640 1228 1391 1219 1257 1233 1231 1233 1211 1216 1202 1216 1055 1236 1046 1236 982 1216 843 1216 779 1239 675 1219 611 1239 614 1283"/></Shape>
	    <String CONTENT="que la défenme commune contre les revendications ouvri¬"
                    HPOS="611"
                    VPOS="1205"
                    WIDTH="2075"
                    HEIGHT="118"
                    WC="0.9869053212079135"></String>
          </TextLine>
          <TextLine ID="eSc_line_6703eeca"
                    TAGREFS="LT41"
                    BASELINE="608 1375 765 1370" 
                    HPOS="602"
                    VPOS="1317"
                    WIDTH="160"
                    HEIGHT="90">
            <Shape><Polygon POINTS="605 1373 605 1401 727 1407 730 1407 733 1407 762 1390 762 1367 753 1317 602 1332 605 1373"/></Shape>
	    <String CONTENT="éres."
                    HPOS="602"
                    VPOS="1317"
                    WIDTH="160"
                    HEIGHT="90"
                    WC="0.9999693155288696"></String>
          </TextLine>
          <TextLine ID="eSc_line_47a4dd66"
                    TAGREFS="LT41"
                    BASELINE="672 1477 1588 1462 2681 1468" 
                    HPOS="666"
                    VPOS="1399"
                    WIDTH="2012"
                    HEIGHT="110">
            <Shape><Polygon POINTS="669 1474 669 1494 765 1509 831 1491 944 1506 1113 1491 1176 1509 1388 1491 1518 1509 1591 1488 1756 1506 1884 1488 2069 1506 2423 1485 2562 1503 2675 1491 2678 1465 2675 1422 2420 1422 2399 1401 2388 1401 2356 1413 2289 1399 2217 1422 2162 1407 1855 1422 1799 1399 1550 1399 1385 1425 1295 1407 1272 1428 1147 1428 1101 1401 1089 1401 1055 1425 988 1401 808 1425 782 1404 782 1401 718 1401 666 1425 669 1474"/></Shape>
	    <String CONTENT="Elles sont d’autant plus dangereuses que le&quot; commun."
                    HPOS="666"
                    VPOS="1399"
                    WIDTH="2012"
                    HEIGHT="110"
                    WC="0.9907946598071319"></String>
          </TextLine>
          <TextLine ID="eSc_line_e7afb0f9"
                    TAGREFS="LT41"
                    BASELINE="617 1572 2098 1564 2681 1584" 
                    HPOS="611"
                    VPOS="1506"
                    WIDTH="2067"
                    HEIGHT="107">
            <Shape><Polygon POINTS="614 1569 614 1590 814 1607 889 1593 904 1593 936 1610 1063 1593 1156 1610 1226 1590 1330 1604 1434 1590 1489 1610 1570 1596 1843 1610 1843 1607 1866 1590 2104 1590 2202 1610 2205 1613 2675 1613 2678 1581 2675 1529 2544 1529 2504 1506 2495 1506 2426 1526 2347 1526 2327 1506 2110 1506 2075 1520 1840 1506 1840 1509 1820 1526 1762 1509 1750 1509 1727 1529 1646 1529 1628 1520 1579 1506 1570 1506 1515 1523 1489 1506 1481 1506 1402 1509 1353 1529 965 1529 907 1506 898 1506 849 1526 611 1517 614 1569"/></Shape>
	    <String CONTENT="ne se trouve pas ésole en face du patriciat. Il faut se gar¬"
                    HPOS="611"
                    VPOS="1506"
                    WIDTH="2067"
                    HEIGHT="107"
                    WC="0.9909206340710323"></String>
          </TextLine>
          <TextLine ID="eSc_line_e9ce27c9"
                    TAGREFS="LT41"
                    BASELINE="614 1674 2643 1651" 
                    HPOS="608"
                    VPOS="1610"
                    WIDTH="2032"
                    HEIGHT="101">
            <Shape><Polygon POINTS="611 1671 611 1697 762 1694 837 1711 849 1711 866 1694 875 1691 1075 1709 1127 1688 1179 1709 1370 1709 1370 1706 1539 1685 1660 1697 1744 1682 1768 1697 1782 1697 1802 1682 1881 1700 1915 1682 1927 1680 2081 1697 2168 1677 2194 1694 2202 1694 2637 1674 2640 1648 2631 1610 608 1627 611 1671"/></Shape>
	    <String CONTENT="d&#x27;er de croire en effet, que toutes les puissauces sociales de"
                    HPOS="608"
                    VPOS="1610"
                    WIDTH="2032"
                    HEIGHT="101"
                    WC="0.9776926713605081"></String>
          </TextLine>
          <TextLine ID="eSc_line_fd9bfb45"
                    TAGREFS="LT41"
                    BASELINE="611 1766 2652 1746" 
                    HPOS="605"
                    VPOS="1697"
                    WIDTH="2044"
                    HEIGHT="96">
            <Shape><Polygon POINTS="608 1764 608 1793 2649 1769 2649 1743 2640 1697 605 1714 608 1764"/></Shape>
	    <String CONTENT="l&#x27;époque se toient solidarisées avec la haute bourgevisée et"
                    HPOS="605"
                    VPOS="1697"
                    WIDTH="2044"
                    HEIGHT="96"
                    WC="0.9893044302860896"></String>
          </TextLine>
          <TextLine ID="eSc_line_75e35a41"
                    TAGREFS="LT41"
                    BASELINE="617 1853 2626 1839" 
                    HPOS="611"
                    VPOS="1793"
                    WIDTH="2012"
                    HEIGHT="95">
            <Shape><Polygon POINTS="614 1850 614 1874 939 1874 944 1874 999 1888 1002 1888 1005 1888 1008 1888 1011 1888 1011 1885 1026 1874 1046 1874 1376 1885 1379 1885 1713 1871 1852 1865 1886 1871 1950 1879 1953 1879 2620 1865 2623 1836 2617 1793 1463 1793 1460 1793 1292 1807 1281 1807 1278 1807 1257 1793 1255 1793 1252 1793 1092 1793 1089 1793 973 1810 970 1810 965 1810 657 1795 655 1795 652 1795 611 1810 614 1850"/></Shape>
	    <String CONTENT="l&#x27;aient aidée à défendre sa cause. Le monde médieval"
                    HPOS="611"
                    VPOS="1793"
                    WIDTH="2012"
                    HEIGHT="95"
                    WC="0.9883011854611911"></String>
          </TextLine>
          <TextLine ID="eSc_line_e8e214e3"
                    TAGREFS="LT42"
                    BASELINE="730 1896 927 1888" 
                    HPOS="724"
                    VPOS="1853"
                    WIDTH="200"
                    HEIGHT="64">
            <Shape><Polygon POINTS="727 1894 727 1917 924 1903 924 1885 915 1853 724 1856 727 1894"/></Shape>
	    <String CONTENT="encore"
                    HPOS="724"
                    VPOS="1853"
                    WIDTH="200"
                    HEIGHT="64"
                    WC="0.9728330373764038"></String>
          </TextLine>
          <TextLine ID="eSc_line_db95964d"
                    TAGREFS="LT41"
                    BASELINE="614 1946 2608 1932" 
                    HPOS="608"
                    VPOS="1894"
                    WIDTH="1997"
                    HEIGHT="90">
            <Shape><Polygon POINTS="611 1943 611 1969 1005 1984 1008 1984 1130 1969 1402 1981 1405 1981 1408 1981 1449 1966 1660 1978 1663 1978 2602 1955 2605 1929 2597 1894 608 1903 611 1943"/></Shape>
	    <String CONTENT="était &lt;.... ... .. . . . .&gt;"
                    HPOS="608"
                    VPOS="1894"
                    WIDTH="1997"
                    HEIGHT="90"
                    WC="0.9506682687335544"></String>
          </TextLine>
          <TextLine ID="eSc_line_e42b5fb3"
                    TAGREFS="LT41"
                    BASELINE="623 2036 1941 2016 2672 2018" 
                    HPOS="617"
                    VPOS="1966"
                    WIDTH="2052"
                    HEIGHT="105">
            <Shape><Polygon POINTS="620 2033 620 2071 698 2053 742 2071 756 2071 788 2050 959 2050 1133 2065 1142 2065 1162 2047 1202 2065 1307 2047 1924 2059 1953 2039 1973 2053 1988 2053 2005 2039 2179 2039 2214 2056 2228 2056 2307 2036 2376 2053 2591 2039 2666 2050 2669 2016 2666 1966 1684 1966 1655 1981 1463 1969 1168 1987 898 1975 878 1990 643 1978 617 1990 620 2033"/></Shape>
	    <String CONTENT="&lt;..&gt; composé de trop de groupes divers, étrangere les"
                    HPOS="617"
                    VPOS="1966"
                    WIDTH="2052"
                    HEIGHT="105"
                    WC="0.9930950155797994"></String>
          </TextLine>
          <TextLine ID="eSc_line_74e6716b"
                    TAGREFS="LT41"
                    BASELINE="611 2120 1849 2105 2666 2117" 
                    HPOS="605"
                    VPOS="2056"
                    WIDTH="2058"
                    HEIGHT="96">
            <Shape><Polygon POINTS="608 2117 608 2134 1220 2152 1223 2152 1226 2152 1272 2137 1292 2134 1417 2140 1640 2149 1643 2149 1715 2140 1794 2129 2469 2129 2657 2143 2663 2114 2660 2071 1513 2056 1510 2056 1339 2074 1336 2074 1069 2059 1066 2059 1063 2059 1060 2059 1043 2074 1005 2059 1002 2059 999 2059 997 2059 965 2074 823 2062 820 2062 605 2076 608 2117"/></Shape>
	    <String CONTENT="ue aux autres, pour &lt;..&gt; qu&#x27;une alliance comervatrice de"
                    HPOS="605"
                    VPOS="2056"
                    WIDTH="2058"
                    HEIGHT="96"
                    WC="0.9672724530100822"></String>
          </TextLine>
          <TextLine ID="eSc_line_7cdf7e6b"
                    TAGREFS="LT41"
                    BASELINE="617 2218 1379 2204 2675 2210" 
                    HPOS="611"
                    VPOS="2146"
                    WIDTH="2061"
                    HEIGHT="90">
            <Shape><Polygon POINTS="614 2215 614 2236 2669 2233 2672 2207 2666 2166 2379 2166 2353 2146 2243 2146 2217 2163 2113 2146 2084 2169 1970 2169 1944 2149 1849 2166 1846 2169 1599 2169 1573 2146 1562 2146 1495 2163 1475 2146 1336 2146 1286 2163 1263 2146 1107 2160 1005 2146 910 2166 857 2152 713 2166 686 2149 675 2149 611 2169 614 2215"/></Shape>
	    <String CONTENT="tous les privilégiés puit alors se conclure. Le péril qui mena¬"
                    HPOS="611"
                    VPOS="2146"
                    WIDTH="2061"
                    HEIGHT="90"
                    WC="0.9898612054567488"></String>
          </TextLine>
          <TextLine ID="eSc_line_1ddf0223"
                    TAGREFS="LT41"
                    BASELINE="611 2311 2098 2302 2672 2314" 
                    HPOS="605"
                    VPOS="2244"
                    WIDTH="2064"
                    HEIGHT="102">
            <Shape><Polygon POINTS="608 2308 608 2334 1434 2328 1446 2337 1452 2343 1455 2343 1457 2343 1460 2346 1675 2346 1675 2343 1678 2343 1681 2343 1686 2340 1707 2328 1924 2340 1959 2340 1962 2340 1965 2340 1968 2340 2023 2326 2075 2340 2078 2340 2081 2340 2084 2343 2669 2343 2669 2311 2666 2265 2104 2247 2101 2247 1924 2262 1881 2247 1878 2247 1875 2247 1872 2247 1831 2262 1791 2247 1788 2247 1785 2247 1669 2265 1553 2244 1315 2244 1313 2244 1104 2265 1060 2244 1057 2244 779 2244 776 2244 605 2268 608 2308"/></Shape>
	    <String CONTENT="cait les &quot;hommes hérétablis&quot; et les marchands des villes"
                    HPOS="605"
                    VPOS="2244"
                    WIDTH="2064"
                    HEIGHT="102"
                    WC="0.9958646180374282"></String>
          </TextLine>
          <TextLine ID="eSc_line_1757901c"
                    TAGREFS="LT41"
                    BASELINE="614 2392 2660 2404" 
                    HPOS="608"
                    VPOS="2337"
                    WIDTH="2049"
                    HEIGHT="107">
            <Shape><Polygon POINTS="611 2389 608 2424 831 2436 901 2418 950 2436 1205 2418 1284 2438 1373 2424 1510 2438 1533 2421 1660 2421 1678 2436 1910 2421 1985 2438 1997 2438 2026 2421 2144 2421 2339 2444 2655 2421 2657 2401 2655 2357 1452 2357 1263 2340 1124 2354 1089 2337 611 2349 611 2389"/></Shape>
	    <String CONTENT="n&#x27;inquiétait ni l’Eglise, ni la noblesse, ni les princes. Ils"
                    HPOS="608"
                    VPOS="2337"
                    WIDTH="2049"
                    HEIGHT="107"
                    WC="0.9978108220413083"></String>
          </TextLine>
          <TextLine ID="eSc_line_94ea552b"
                    TAGREFS="LT41"
                    BASELINE="614 2485 2657 2499" 
                    HPOS="608"
                    VPOS="2430"
                    WIDTH="2047"
                    HEIGHT="98">
            <Shape><Polygon POINTS="611 2482 608 2505 681 2522 684 2522 956 2511 962 2511 965 2511 1052 2525 1055 2528 2652 2528 2655 2496 2649 2450 2255 2456 2191 2447 2124 2438 2121 2438 2118 2438 2115 2438 2104 2447 2092 2456 1840 2456 1773 2447 1681 2436 1678 2436 1675 2436 1672 2436 1660 2447 1652 2453 1481 2453 1457 2444 1405 2433 1402 2433 1399 2433 1397 2433 1394 2433 1379 2444 1376 2450 1055 2450 1046 2444 1017 2430 1014 2430 1011 2430 611 2441 611 2482"/></Shape>
	    <String CONTENT="en profitèrent, au contraire, pour miner le pouvoir de ces"
                    HPOS="608"
                    VPOS="2430"
                    WIDTH="2047"
                    HEIGHT="98"
                    WC="0.996974549416838"></String>
          </TextLine>
          <TextLine ID="eSc_line_d9593f50"
                    TAGREFS="LT41"
                    BASELINE="614 2595 2640 2583" 
                    HPOS="608"
                    VPOS="2537"
                    WIDTH="2029"
                    HEIGHT="96">
            <Shape><Polygon POINTS="611 2592 611 2615 657 2615 678 2633 771 2615 994 2633 1179 2612 1391 2612 1414 2630 1423 2630 1631 2609 1968 2627 2130 2607 2150 2621 2162 2621 2223 2607 2336 2624 2463 2607 2515 2624 2634 2618 2637 2580 2631 2537 1107 2537 1084 2551 846 2540 608 2554 611 2592"/></Shape>
	    <String CONTENT="orqueilleux patriciens qui avaient se peu ménagé &lt;..&gt;"
                    HPOS="608"
                    VPOS="2537"
                    WIDTH="2029"
                    HEIGHT="96"
                    WC="0.9857693573213974"></String>
          </TextLine>
          <TextLine ID="eSc_line_8e00101f"
                    TAGREFS="LT41"
                    BASELINE="623 2688 2666 2682" 
                    HPOS="617"
                    VPOS="2621"
                    WIDTH="2046"
                    HEIGHT="101">
            <Shape><Polygon POINTS="620 2685 620 2705 704 2722 779 2705 797 2705 846 2722 936 2705 1005 2705 1376 2722 1715 2702 1837 2719 1913 2702 1976 2719 2660 2705 2663 2679 2657 2638 1759 2621 1742 2635 1368 2624 1315 2638 1237 2624 1220 2641 1089 2641 994 2624 970 2641 840 2641 779 2624 724 2638 686 2624 678 2624 617 2641 620 2685"/></Shape>
	    <String CONTENT="les franchises cléricales &lt;..&gt; les droits féodaux et les pré¬"
                    HPOS="617"
                    VPOS="2621"
                    WIDTH="2046"
                    HEIGHT="101"
                    WC="0.9764505698055518"></String>
          </TextLine>
          <TextLine ID="eSc_line_cf22f812"
                    TAGREFS="LT41"
                    BASELINE="617 2783 2649 2777" 
                    HPOS="611"
                    VPOS="2719"
                    WIDTH="2035"
                    HEIGHT="99">
            <Shape><Polygon POINTS="614 2780 614 2803 901 2818 907 2818 933 2803 942 2801 1037 2815 1107 2801 1289 2818 1353 2801 1707 2815 2130 2798 2150 2815 2162 2815 2211 2801 2249 2818 2582 2818 2582 2815 2646 2798 2646 2775 2640 2737 2272 2719 2136 2734 2086 2719 2020 2734 1970 2719 1959 2719 1941 2737 1684 2737 1634 2719 1626 2719 1591 2737 840 2722 808 2740 611 2740 614 2780"/></Shape>
	    <String CONTENT="rogatives mêmes de leur seigneur térrien. Li étranges"
                    HPOS="611"
                    VPOS="2719"
                    WIDTH="2035"
                    HEIGHT="99"
                    WC="0.9819433025594028"></String>
          </TextLine>
          <TextLine ID="eSc_line_8b7f27c2"
                    TAGREFS="LT41"
                    BASELINE="628 2879 1449 2873 2640 2893" 
                    HPOS="626"
                    VPOS="2812"
                    WIDTH="2011"
                    HEIGHT="113">
            <Shape><Polygon POINTS="626 2876 626 2911 776 2896 924 2914 962 2914 1060 2896 1156 2914 1182 2916 1205 2914 1272 2899 1492 2914 1533 2914 1646 2902 1695 2922 1976 2905 2269 2908 2304 2925 2634 2914 2637 2890 2631 2838 2388 2844 2321 2824 2310 2824 2289 2841 2191 2827 2017 2841 1991 2824 1820 2835 1770 2821 1759 2821 1736 2835 1701 2821 1637 2835 1599 2821 1588 2821 1573 2835 1536 2818 1310 2830 1252 2815 1162 2832 1136 2815 1031 2830 1005 2812 626 2827 626 2876"/></Shape>
	    <String CONTENT="que cela puisse paraître aux y eux d&#x27;un moderne, il"
                    HPOS="626"
                    VPOS="2812"
                    WIDTH="2011"
                    HEIGHT="113"
                    WC="0.9923834613725251"></String>
          </TextLine>
          <TextLine ID="eSc_line_4382746c"
                    TAGREFS="LT41"
                    BASELINE="614 2977 1933 2974 2692 3009" 
                    HPOS="608"
                    VPOS="2911"
                    WIDTH="2081"
                    HEIGHT="121">
            <Shape><Polygon POINTS="611 2974 608 2989 692 3015 701 3015 753 2992 805 3009 1046 3018 1188 2995 1211 3000 1263 3021 1272 3021 1333 2998 1472 2998 1501 3006 1542 3024 1799 3000 1933 3000 1965 3027 2092 3003 2197 3029 2289 3009 2397 3027 2455 3032 2686 3029 2689 3006 2686 2948 2278 2945 2191 2925 2078 2937 2060 2922 1855 2940 1828 2940 1794 2919 1570 2937 1553 2922 1481 2934 1388 2916 1379 2916 1362 2931 1199 2914 944 2931 918 2911 910 2911 611 2925 611 2974"/></Shape>
	    <String CONTENT="est certaire qu&#x27;ils prèrent plus d&#x27;une fois le parti du peu¬"
                    HPOS="608"
                    VPOS="2911"
                    WIDTH="2081"
                    HEIGHT="121"
                    WC="0.991036985317866"></String>
          </TextLine>
          <TextLine ID="eSc_line_6cbe8a77"
                    TAGREFS="LT41"
                    BASELINE="626 3076 1394 3067 2669 3096" 
                    HPOS="623"
                    VPOS="3006"
                    WIDTH="2043"
                    HEIGHT="119">
            <Shape><Polygon POINTS="623 3073 623 3102 779 3102 779 3099 785 3099 802 3084 1037 3105 1147 3087 1176 3105 1301 3108 1385 3090 1463 3105 1547 3096 1565 3111 1817 3096 1863 3116 2017 3099 2066 3116 2243 3102 2660 3125 2666 3093 2663 3047 2420 3044 2420 3041 2402 3027 2260 3041 2234 3041 2182 3024 2170 3024 2150 3038 2084 3024 2078 3024 2046 3038 2034 3038 1965 3024 1860 3035 1820 3018 1426 3029 1397 3012 988 3024 970 3009 970 3006 623 3018 623 3073"/></Shape>
	    <String CONTENT="ple. A Liège, le chapitre soutient ouvertement les métiers"
                    HPOS="623"
                    VPOS="3006"
                    WIDTH="2043"
                    HEIGHT="119"
                    WC="0.9985370481836384"></String>
          </TextLine>
          <TextLine ID="eSc_line_dad31dd5"
                    TAGREFS="LT41"
                    BASELINE="617 3171 1866 3166 2649 3177" 
                    HPOS="611"
                    VPOS="3102"
                    WIDTH="2035"
                    HEIGHT="104">
            <Shape><Polygon POINTS="614 3168 611 3183 675 3200 1234 3192 1266 3206 1385 3186 2640 3200 2646 3174 2643 3131 2304 3131 2252 3102 2243 3102 2141 3128 2040 3111 1939 3128 1907 3105 1802 3125 1768 3102 1756 3102 1666 3128 1628 3102 1327 3102 1231 3128 1098 3113 953 3128 907 3105 898 3105 855 3125 791 3108 614 3128 614 3168"/></Shape>
	    <String CONTENT="contre les échevins. Een Flandre la comtesse Jeanne puis"
                    HPOS="611"
                    VPOS="3102"
                    WIDTH="2035"
                    HEIGHT="104"
                    WC="0.9906578649367604"></String>
          </TextLine>
          <TextLine ID="eSc_line_fb88569f"
                    TAGREFS="LT41"
                    BASELINE="614 3264 2631 3264" 
                    HPOS="611"
                    VPOS="3206"
                    WIDTH="2017"
                    HEIGHT="96">
            <Shape><Polygon POINTS="611 3261 611 3281 704 3302 771 3284 889 3302 1147 3284 1324 3284 1333 3287 1353 3302 1486 3284 1547 3299 1637 3284 1898 3284 1988 3302 2249 3284 2272 3299 2628 3296 2628 3226 2504 3206 2449 3223 2449 3226 2034 3226 2031 3223 1959 3206 1849 3206 1814 3223 1713 3206 1631 3226 1313 3226 1275 3206 1084 3223 1063 3223 1037 3206 1028 3206 959 3221 915 3206 834 3223 811 3223 663 3206 611 3221 611 3261"/></Shape>
	    <String CONTENT="le comte Qui de Dampierre leur temoiquent une bien"
                    HPOS="611"
                    VPOS="3206"
                    WIDTH="2017"
                    HEIGHT="96"
                    WC="0.9901063573360444"></String>
          </TextLine>
          <TextLine ID="eSc_line_8f118746"
                    TAGREFS="LT41"
                    BASELINE="620 3348 2651 3373" 
                    HPOS="617"
                    VPOS="3290"
                    WIDTH="2032"
                    HEIGHT="122">
            <Shape><Polygon POINTS="617 3345 617 3389 736 3377 1031 3394 1113 3377 1191 3397 1382 3400 1455 3380 1533 3380 1576 3406 1750 3406 1750 3403 1756 3403 1779 3386 1837 3406 1959 3386 2092 3406 2194 3389 2211 3391 2284 3412 2646 3391 2649 3371 2646 3322 1602 3322 1524 3299 1336 3299 1301 3316 904 3313 837 3290 617 3305 617 3345"/></Shape>
	    <String CONTENT="veillance marquée. En agistant ainsi, ils ne font sans"
                    HPOS="617"
                    VPOS="3290"
                    WIDTH="2032"
                    HEIGHT="122"
                    WC="0.9872417659671219"></String>
          </TextLine>
        </TextBlock>
        <TextBlock HPOS="358.0"
                   VPOS="823.0"
                   WIDTH="325.0"
                   HEIGHT="73.0"
                   ID="eSc_textblock_980d856e"
                   TAGREFS="BT58">
          <Shape><Polygon POINTS="683 829 673 878 359 896 358 823"/></Shape>
          <TextLine ID="eSc_line_91b54589"
                    TAGREFS="LT42"
                    BASELINE="373 873 657 857" 
                    HPOS="365"
                    VPOS="793"
                    WIDTH="290"
                    HEIGHT="133">
            <Shape><Polygon POINTS="599 831 597 808 539 793 536 793 533 793 530 793 472 813 460 816 449 813 420 802 417 802 414 802 411 802 365 813 371 871 373 926 431 926 434 926 437 926 446 918 472 897 492 909 492 912 495 912 498 912 501 912 504 912 507 912 513 906 533 892 565 897 585 900 588 900 591 900 655 880 655 854 626 831 599 831"/></Shape>
	    <String CONTENT="chipulant"
                    HPOS="365"
                    VPOS="793"
                    WIDTH="290"
                    HEIGHT="133"
                    WC="0.9959981441497803"></String>
          </TextLine>
        </TextBlock>
        <TextBlock HPOS="2436.0"
                   VPOS="24.0"
                   WIDTH="204.0"
                   HEIGHT="118.0"
                   ID="eSc_textblock_de03cd56"
                   TAGREFS="BT60">
          <Shape><Polygon POINTS="2436 24 2436 142 2640 142 2640 24"/></Shape>
          <TextLine ID="eSc_line_50454f9c"
                    TAGREFS="LT41"
                    BASELINE="2448 86 2611 115" 
                    HPOS="2440"
                    VPOS="26"
                    WIDTH="174"
                    HEIGHT="110">
            <Shape><Polygon POINTS="2446 84 2440 98 2518 136 2521 136 2524 136 2527 136 2530 136 2556 118 2602 124 2608 112 2614 55 2452 26 2446 84"/></Shape>
	    <String CONTENT="124"
                    HPOS="2440"
                    VPOS="26"
                    WIDTH="174"
                    HEIGHT="110"
                    WC="0.9999996821085612"></String>
          </TextLine>
        </TextBlock>
      </PrintSpace>
    </Page>
  </Layout>
</alto>
