2713 3500
600 93 2075 61 etons maintenant un coup d'ocil aur la composition <..>

548 145 2124 108 <..> du tritunal mnicipal. Malgré des divergenies de détail

545 218 2138 94 dans toutes les villes deu Paxs-Bai, il se présente a nors comme ane

539 288 2159 105 simple adaptation au milieu urbain du tribunal public de l'époque

554 358 2080 123 franque. Nelle part, ou le sait l’enstitution de l'échevinage ne

542 428 2109 132 poussa de plus profon des rocines qu'en Belgique ?) Elle, survéent au

539 510 2130 114 morcellement politique du X^e siècle. Dans toutes les princépantés

539 600 2147 117 qui se constituent alors de la mer aux Ardennes, <...... ...>

525 670 2161 135 <...... .....> ou la retrouve presque intacte les princes le

530 752 2145 131 laissèrent subsister, dans les <.....is échevinages des divers

525 840 2144 125 comtes qu'ils agglomérèrent sous leur pouviir. Ee Rlandre, par e¬

525 924 2170 128 pemple, onu constate dans la plupart des châtellemes, l'existane

528 1000 2152 134 d'un echevinage <> siégeant au castrum qui s'éleve au cea¬

1820 1067 93 64 sa

525 1067 2141 155 tre de la circonseription et etendant <..> juridiction sur toute

1365 1163 350 70 A lori gine

516 1166 2159 137 l'étendue de celle-ci. <....>, les immigrants des hor¬

513 1239 2167 134 tus fressortirent donc à ce tritunal puesque libres personnel

519 1312 2161 149 lement, ils se trouvaient placés par la même sous la juridic

2120 1373 210 76 arriva

513 1394 2156 148 tion publique. Dis lors, quand le moment <.> de don¬

507 1475 2162 143 ner aux villes leurs magistrats spécéaux, rien ne fut plus na¬

1026 1577 67 59 les

510 1566 2147 137 turcl que de <.> gratifier elles mêmes d'un echevinage. La cis¬

513 1630 2167 149 consaription rerbaine créée dans la circonséription territoriale

501 1715 2162 137 recut une coganisation calquée sur celle de son ainée. Comme

498 1790 2147 140 les échevrius de la châtelleine, les écheoins de la ville furent des

507 1881 2147 140 prges populaires réceutés <> parmi les habitants; leux- ci

501 1948 2182 146 comme ceux, là furent "semoncis" et présidés par <..>

991 2062 100 58 X

1934 2027 385 73 <.........>

495 2044 2150 137 <... . ....... ... ....>

484 2120 2156 146 <.> l'officier du prince, c'est à dire par le châtélain.

501 2199 2162 137 Il n'est pas jisqu’au nombre traditionnel de dosse membres

598 2310 242 55 n'ait ete

1096 2292 228 70 poges eux.

501 2286 2162 134 qui <.> conservé. Seulement au lieu de juger suiveant la vicille

481 2353 2182 140 contune, les échevins de la ville fugent suivant le troit nouveau

484 2432 2167 134 des bourgeonies; au lieu de s'assembler dans le castruns ils s'asseue

478 2514 2179 122 blent dans le faubourg marchand, soit à la talle du mar¬

481 2601 2170 114 ché soit dans le cuinetière de l'église paroissiale. A côté s'eux

484 2689 2173 116 d'ailleurs, l’écheomage territorial contenue à  se reunir den

475 2770 2135 117 le castrum et à pryer les hommes de la chatellenie. Il existe

472 2852 2135 99 encore dans la ville mais un plus pour la ville. A Bruges, le

469 2916 2127 111 landtuis du Franc s'élève encore à côté du obtel Gemeente

475 2998 2182 117 huis (Pôtel de ville), rappelant le souvenir lomtain des jour où la

2540 14 97 93 47

466 3150 2185 87 (1) Il est même assez probable que l’echevinage n'est qu’une modifica¬

460 3208 2197 102 tion locale de l'institution des rachimtourgs, apparue dans la ré¬

463 3287 2171 87 gion mosane où les carolingiens possédaient le plus grande partie de

446 3342 2199 99 leurs domainer. C'est là que charlémagne l'aura perfectionine <.>

446 3406 913 79 etetue> à toute la Francia

84 3348 274 125 L'étendre
