2713 3468
497 60 2126 101 on va praqu'à euvoyer à Rome des gens de loi <..>

558 132 668 70 chrges 'exploser aux

491 158 2126 99 <.. ..> pape les réclamations de la ville¬

511 248 2103 116 Il n'est pas enfin jusq’à la question des écoles qui ne

494 349 2085 110 mette aux pris es le clorgé et le pouvoir municipal.

511 442 2109 112 Dès la fin du XII^e siècle, elle se pose à Gand avec une

500 554 2158 107 netteté particulière et s'y résont en faveur de la bour¬

523 638 2080 124 geoisie. Malgré les plaintes de les réélamations de

511 745 2129 101 l'abbi, de Saint-Pierre, la Keure de 1192 donne à tout

514 852 2106 101 la mornde le droit d'ouvrir des écoles. Au XIIe siècle

509 953 2096 107 dans les grandes villes flamandes tout au moins

497 1049 2149 104 si l'eur ciquement supérieur reste aux mains du

517 1144 2109 116 <. l'Eolise, l’enseignement démentaire vous

517 1245 2112 121 upparoît comme complètement libre. Que l'on ne

506 1361 2140 95 c'y trompe point d'ailleurs. S'il est permis de parler

514 1445 2057 104 dle luttes siolaires dans les villes des Pays. Bas au

506 1554 2131 99 oyen âge c'est à condition de bien préciser les termes

511 1658 2097 90 et de ne n'attrituer aucun caractère dagne atique

514 1748 2126 101 ou phélosophique à la querelle. Ce qui était en cause,

514 1840 2138 110 a n'était point l’esprit religieux de l’enseiquement.

503 1942 2175 109 sur ce point tout le monde était d’acord. <..> seut

517 2040 2100 104 le monopole asvendique par le clergé en matière

511 2135 2048 96 d'instruction était l'objets du conflit. Dans les

526 2242 2108 93 grandes cités marchandes, une fout s’enfauts fré¬

2163 2300 477 87 connaisépnces

520 2338 2097 106 quentaient les écoles pour y acquérir la <...........>

511 2436 2121 92 indés s ensables à la pratique de la vie commerciale:

511 2531 2106 98 la lesture, l'ecriture, un peu de calcul et de mauvais

506 2618 2131 92 latin. De là l'intervention toute naturelle du pouvour

497 2705 2169 101 memicipal. En <...> coutestant à l'Eglise son

511 2823 2115 81 droit exclusif à l'emeignement, il voubet tout timple¬

506 2904 2085 107 ment l'empecher de tiser seule pofit d'une profession

503 2996 2157 113 devenue leurative et sans doute aussi fournir à la jeu¬

503 3103 2126 113 nesse des maîtres plus au courant du ses besoins que ne

529 3199 2085 110 pouvaient l’être des moines, <.... ....>

494 3297 2178 107 <...> complètement étrangers <..> aux ne¬

2446 11 113 87 119
