2713 3463
1010 51 692 139 Chapitre XI

825 256 1229 124 Les villes au XVII sié cle

1333 458 136 87 I

617 603 2012 109 Le rétablissement de la domination espaquole sur les

539 712 2122 107 provinces belges à la fin du XVI^e siècle à amené la sipa¬

531 813 2060 104 ration définitive des. Pays-Bason deux Etats dis tue chs¬

533 926 2081 75 <. . .. .. .......> an

525 1012 2101 96 Nord, la republique des Proiruces Unies qui a <........>

2207 992 413 78 hérocquement

536 1096 2133 124 défendu sa foi religieme et son indépendance politique ratae

528 1203 2127 92 2onas atteint bientôt à une pronpérité écououinen moine

536 1258 153 63 mals

528 1292 2115 119 set qu'égale pourtant l'éclat <.. ....... ......>

1544 1269 1111 75 de s on dibeloppement artis siqlue et seccntifique

522 1382 2124 109 <>. Les territoires du sud au coutraire, ramenés par la

522 1471 2141 124 force au catholicisme <.. ...> et à la monarchie espa¬

525 1567 2133 135 quole tont entrainés dans la décadence de celle-ci ; leur

531 1653 2127 133 commerce et leur industrie languissent, la vie intelleclu¬

528 1748 2133 133 elle, ... . .. .....> s'y éteent et elles sont enfin

531 1849 2124 145 ravagées par les grandes guerres du XVIIe siècle. Li frappant

533 1950 2125 124 pourtant que soit bus contraste, il existe entre les d'eux pays

528 2037 2138 121 un point de résiemblance. Leurs institutions, <...> établies

548 2129 2104 130 ou réforiuées pendant la période bourgnigaonve suivant

531 2219 2132 135 les mêmes princopes, <......> préseutent ici et là des

525 2317 2141 133 mêmes caractères geuéraux. <. ..... . ..... ...>

545 2424 2092 129 <...  ... > Le régme urbain en particulier

533 2516 2084 133 <.... .. ..> offre de part et d'outre, dn

519 2617 2142 133 spectacle presque identique et cette analogie de son évo¬

528 2706 2118 150 bition dans des mi lieux pourtant si différents suffit

545 2813 2098 133 a prouver <....> que les transformations subies par bui

531 2903 2106 121 répondent <...t....> à des cances profondes et inté

531 2983 1930 145 rentes aux tendances essentielles de la vie sociale

614 3105 2078 127 On pourrait caraitériser tièvement ce régime arcé lier

545 3177 2127 150 dans les florissantes cités du Nord qui dans les languissantes

539 3278 2078 124 pelles du Sud en l'eppelant un retoer au patriciat. Après

2508 14 101 112 324
