2713 3493
582 23 125 73 sous

573 64 1994 99 < les halle <.....> à beaux deniers comptant

1030 23 210 84 arbaine.

564 177 2067 82 et cesseraient d'arsevrer aux marchands détectes

570 267 1100 93 de trandaleux bénéfices.

611 360 2011 111 I lus grossiers, plus brutaux que les autres artisans

570 459 2076 94 plus amoureux aussi du changement comme tous

576 544 2067 105 ceux que la misère de leur sort fait vivre d'espoir

576 640 2046 108 ils avaient d'ejà à maintes reprises au cours du XIIe

564 733 2064 102 tiècle, donné d'inquiétants symptomes de leur

570 826 2044 102 malaise et cle leur inquiétude. En 1225, un impostres

570 928 2078 96 se <. .....> pour le comte Baudruin, mysterien¬

817 896 297 73 donnant

570 1036 2078 87 sement disparu en orient après, avoir porte pendant

599 1129 2029 96 quelquer mois la couronne <..> comtan¬

1705 1094 376 73 empériale à

579 1228 2058 96 tinople, < ........> sur les confins

969 1181 346 70 éfait, arrivé

579 1309 2052 111 de la Flandre et du Hainant. Il n'eut qu’à se montres

585 1411 2005 105 dans les grandes villes pour conqu’érir les masses

582 1510 2055 105 travailleuses. Tous les pauvres et à leur hête les fou¬

579 1615 2078 99 lous et les tisserands, se prèsent aussitôt d'enthou¬

564 1714 2108 105 tiasme pour ce pauvre empereur, <..d> ses biens

2005 1682 297 79 déponille

579 1810 2046 93 misérable comme eux. Il fut, pendant un moment,

585 1918 2058 81 un sorte de monarique de la plèbe et faillit provoquer

585 1988 2034 104 une révolte sociale. La comtesse panne, épouvantée

590 2084 2061 107 par la soudaineté de l'explosion courut se réfugier

590 2188 2032 85 à Tournai. <......... .....>

614 2290 2017 108 < Valenciennes fut le théatre de graves événements¬

474 2322 603 114 On déposa les magisrats

561 2395 2102 99 <.... patricieus <....>, les gens de métier ju¬

573 2506 1991 84 rerent la commmne, s’empareent des rèches çuis

585 2596 2072 102 n'avaient pas ces le temps de fuir, et il fallut met

576 2689 2014 114 tre le siège devant la ville pour la faire rentrer

590 2788 2018 108 dans l'ordre. D'ailleurs toute cette agitation se

590 2893 2050 119 calna aussi ropidement qéu'elle s'était <.....>

2290 2870 259 81 propagée

579 2998 2090 113 <.>. Le soi diant empereur fut bientôt d’emasqué: ce

588 3108 2052 105 n'était qu'un aventurier nommé Bertrand de

579 3204 2069 105 Rains. Ie put auroché à la potence et les folles espé¬

582 3309 2058 108 rances, les illusoirs qu'il avait fait luire un instant

2468 11 119 93 127
